2194 3208
673 387 1378 448 DEGTIJRIS.

235 616 347 679 Quod
370 652 387 672 a
410 641 502 684 poetis
526 640 621 683 exigit
644 640 846 677 Honwrms,
885 643 931 680 ut,
959 640 1033 681 quod
1056 640 1205 683 coeperint
1226 651 1315 683 opus,
1349 650 1455 672 nonum
1477 645 1625 690 prematur
1645 641 1676 672 in
1698 651 1821 680 annum,
1855 640 1884 671 id
1906 651 1963 683 ego

88 684 202 715 abunde
224 684 367 727 praestiti,
389 694 451 714 cum
476 694 551 713 nunc
564 683 685 726 primum
710 687 774 726 post
797 683 944 725 integrum
966 683 1030 713 fere
1053 682 1224 713 decennium
1247 683 1315 713 mihi
1339 684 1462 732 contigit
1483 695 1513 714 1n
1529 683 1620 714 lucem
1643 683 1731 714 edere
1754 682 1964 725 descriptiones

90 727 277 758 Insectorum.
299 726 599 768 Hymenopterorum,
631 736 703 766 quae
735 726 788 756 sub
816 725 922 756 itinere
945 735 1021 756 anno
1046 724 1125 756 1821
1156 726 1186 755 in
1215 725 1301 755 terris
1331 726 1446 756 arcticis
1470 726 1532 769 ipse
1563 725 1638 765 vidi,
1668 736 1796 767 quaeque
1825 729 1874 756 aut
1902 724 1965 756 loco

90 779 157 799 mox
180 768 333 807 annotavi,
357 772 406 798 aut
427 767 548 798 collecta
572 778 681 798 mecum
705 767 818 798 domum
841 767 999 810 reportavi.
1026 767 1145 798 Interea
1168 768 1239 798 haec
1261 768 1445 798 describendi
1469 779 1552 799 mora
1574 768 1599 798 si
1622 779 1660 799 ne
1682 767 1796 809 quidem
1825 767 1965 810 approba-

89 811 198 841 tionem
220 810 309 841 multo
332 810 427 840 minus
451 809 563 840 laudem
588 814 734 849 meretur,
758 815 852 840 tamen
876 811 905 840 in
928 809 1039 852 culpam
1064 810 1133 839 mihi
1157 820 1215 839 non
1240 814 1377 840 vertatur.
1423 809 1467 841 Ea
1490 811 1565 841 enim
1584 810 1637 842 fuit
1660 810 1784 841 conditio
1808 811 1864 840 mei
1896 814 1966 840 tem-

89 853 180 896 poris,
203 852 276 894 quod
300 853 329 882 in
354 852 475 894 publicis
499 852 626 893 negotiis
651 852 787 895 deinceps
811 852 959 893 transegi,
983 856 1013 881 ut
1036 852 1123 882 horas
1154 856 1260 882 tantum
1291 852 1475 892 subsecivas,
1503 863 1610 893 easque
1633 852 1840 895 paucissimas,
1869 862 1967 883 amoe-

89 895 229 926 nissimae
252 894 392 925 scientiae
416 905 534 925 sacrare
558 894 725 936 potuissem.
769 894 833 924 Nec
861 894 927 924 ideo
955 894 1214 935 reprehendendus
1237 894 1307 933 sim,
1342 898 1372 924 ut
1394 895 1512 937 opinor,
1541 895 1615 935 quod
1645 894 1892 937 Hymenopteris,
1936 894 1967 924 in

89 941 205 980 recepta
228 937 305 967 serie
328 936 518 978 systematica
541 936 681 966 Ordinem
706 936 885 967 Insectorum
914 943 1047 966 sextum
1071 937 1299 978 occupantibus,
1330 936 1360 966 in
1384 936 1488 967 Fauna
1516 941 1618 967 nostra
1640 944 1796 977 quartum
1826 936 1966 977 designa-

90 979 180 1010 verim
204 979 313 1018 locum,
336 989 426 1019 eaque
449 979 491 1009 sic
514 978 594 1020 prius
618 989 700 1019 quam
725 978 924 1020 Lepidoptera
946 982 975 1008 et
996 978 1179 1020 Neuroptera
1202 979 1415 1020 descripserim.
1451 978 1534 1009 Haec
1557 979 1668 1009 scilicet
1690 978 1875 1018 animalcula,
1899 978 1966 1020 Hy-

90 1026 258 1064 menoptera
280 1025 364 1063 puto,
387 1031 444 1051 non
468 1020 560 1051 solum
586 1020 669 1051 valde
693 1020 813 1062 fragilia
836 1031 918 1058 esse,
948 1031 1046 1050 verum
1076 1021 1160 1051 etiam
1190 1031 1305 1051 mucore
1334 1031 1403 1063 prae
1433 1021 1537 1051 ceteris
1568 1021 1704 1051 facillime
1733 1020 1854 1060 obduci,
1895 1020 1967 1052 satis

89 1074 233 1106 superque
261 1068 381 1094 constat.
449 1062 558 1093 Eadem
591 1073 702 1103 quoque
734 1063 919 1105 Dipterorum
948 1062 1022 1093 ratio
1052 1069 1104 1093 est.
1171 1062 1244 1093 Cum
1278 1063 1369 1104 igitur
1398 1073 1498 1093 omnes
1522 1063 1700 1093 Insectorum
1725 1063 1962 1111 Lapponicorum

88 1106 234 1145 Ordines,
258 1106 305 1146 qui
328 1109 441 1136 restant
462 1105 648 1147 indescripti,
671 1105 701 1135 in
724 1105 777 1135 hac
801 1104 929 1147 opusculi
952 1110 1034 1147 parte
1057 1104 1321 1147 comprehendendi
1335 1105 1405 1135 mihi
1417 1109 1525 1147 negata
1552 1105 1605 1135 fuit
1626 1105 1750 1144 occasio,
1773 1105 1852 1135 illam
1867 1116 1965 1136 eorum

89 1147 273 1187 Sectionem,
296 1158 369 1188 quae
393 1147 540 1178 molliores
564 1152 592 1177 et
614 1147 709 1189 magis
733 1147 858 1177 lubricas
882 1146 1024 1188 simulque
1048 1147 1256 1178 minutissimas
1280 1147 1408 1177 continet
1429 1147 1552 1189 species,
1576 1158 1660 1188 quam
1683 1148 1805 1189 primum
1828 1147 1969 1189 potuerim

90 1201 262 1229 recensere,
285 1190 484 1220 necessarium
508 1189 597 1228 duxi,
621 1200 657 1219 ne
681 1189 808 1231 longiori
832 1193 960 1231 tempore
983 1189 1185 1220 detrimentum
1209 1189 1324 1230 capiant
1346 1190 1505 1231 agnituque
1529 1189 1710 1220 difficiliores
1734 1189 1872 1220 evadant.
1904 1188 1970 1219 Hoc

91 1233 176 1263 etiam
199 1233 228 1262 in
252 1243 340 1262 causa
362 1232 426 1270 fuit,
440 1243 491 1262 cur
503 1231 624 1262 Piezata
648 1231 812 1262 immediate
835 1236 900 1273 post
924 1231 1096 1273 Hemiptera
1121 1230 1311 1272 (inSectione
1323 1232 1415 1274 prima
1430 1234 1576 1272 tractata),
1599 1231 1735 1273 neglecto
1749 1231 1834 1262 solito
1856 1231 1970 1269 ordine,

92 1275 121 1305 in
144 1275 292 1317 praesenti
318 1273 463 1304 volumine
493 1273 633 1311 offeram,
663 1281 691 1304 et
714 1273 924 1316 descriptiones
948 1274 1141 1312 insectorum,
1169 1284 1241 1314 quae
1265 1274 1359 1304 minus
1390 1273 1497 1304 caduca
1526 1274 1688 1312 habentur,
1716 1284 1845 1315 quaeque
1868 1273 1970 1304 melius

91 1317 264 1348 conservari
288 1321 426 1359 possunt,
450 1316 480 1346 in
503 1316 590 1346 alium
614 1316 689 1346 diem
713 1315 856 1346 differam.
903 1316 1090 1358 Dipterorum
1113 1326 1182 1346 vero
1207 1316 1368 1355 Ordinem,
1391 1316 1543 1359 speciebus
1566 1315 1727 1359 lapponicis
1750 1316 1836 1346 novis
1859 1319 1888 1346 et
1910 1315 1971 1346 sin-

92 1359 244 1402 gularibus
268 1359 393 1389 omnium
418 1358 602 1396 ditissimum,
625 1358 758 1400 proxima
790 1358 852 1388 vice
875 1358 1022 1401 publicare
1046 1358 1197 1388 meditatus
1221 1368 1293 1388 sum.

243 1401 449 1443 Displicebunt
475 1401 599 1431 forsitan
630 1400 741 1430 cuidam
771 1399 877 1441 longae
909 1400 977 1431 illae
1006 1405 1090 1441 atque
1126 1400 1209 1430 fusae
1232 1400 1393 1442 specierum
1418 1399 1647 1442 descriptiones,
1677 1410 1747 1441 quas
1780 1400 1811 1431 in
1839 1399 1970 1442 pluribus

93 1443 379 1486 Hymenopterorum
403 1443 563 1485 generibus
587 1442 685 1480 attuli,
708 1443 880 1484 praesertim
904 1453 966 1473 cum
991 1442 1020 1472 in
1044 1442 1164 1485 primam
1188 1442 1254 1473 libri
1278 1447 1388 1484 partem
1405 1442 1516 1485 species
1541 1441 1792 1485 Coleopterorum,
1816 1441 1970 1484 Orthopte-

93 1496 189 1516 rorum
213 1491 242 1515 et
266 1485 502 1527 Hemipterorum
531 1485 614 1515 brevi
638 1491 748 1515 tautum
776 1484 915 1526 diagnosi
944 1495 1032 1527 saepe
1062 1484 1242 1515 introductae
1271 1485 1416 1526 legantur.
1461 1484 1502 1515 At
1538 1483 1713 1527 Coleoptera
1741 1489 1769 1515 et
1798 1484 1971 1527 Hemiptera

92 1527 166 1568 quod
190 1528 310 1566 attinet,
334 1528 472 1569 pleraque
496 1537 595 1557 eorum
616 1527 677 1567 jam
700 1526 772 1557 satis
795 1531 863 1557 sunt
885 1527 1034 1557 elaborata
1057 1531 1086 1557 et
1107 1527 1224 1569 saepius
1247 1526 1378 1569 repetitis
1408 1526 1650 1569 descriptionibus
1679 1531 1763 1568 atque
1792 1526 1897 1568 figuris
1927 1526 1972 1557 ita

93 1570 255 1607 illustrata,
279 1575 310 1600 ut
333 1569 390 1608 bis,
414 1569 592 1600 Auctoribus
616 1569 726 1608 citatis,
751 1579 802 1611 pro
826 1569 1045 1600 adumbratione
1069 1569 1257 1611 systematica
1279 1569 1421 1611 completa
1435 1569 1484 1599 vix
1497 1568 1649 1610 quidquam
1673 1569 1738 1600 addi
1762 1579 1850 1611 posse
1873 1568 1971 1599 videa-

94 1618 148 1642 tur.
193 1612 437 1654 Orthopterorum
462 1611 587 1641 Familia
610 1611 761 1653 pauciores
785 1611 898 1654 species
921 1616 950 1642 et
972 1611 1120 1642 faciliores
1144 1611 1280 1641 distinctu
1309 1611 1495 1653 corporisque
1518 1611 1720 1653 magnitudine
1743 1610 1869 1652 grandia
1892 1610 1972 1641 indi-

95 1654 181 1685 vidua
203 1654 409 1696 complectitur.
454 1653 623 1684 Difficultas
647 1664 716 1684 vero
739 1654 852 1696 species
881 1653 1090 1684 minutissimas
1114 1658 1142 1683 et
1164 1654 1241 1684 inter
1268 1664 1300 1684 se
1331 1653 1415 1684 valde
1437 1653 1563 1692 affines,
1598 1653 1699 1694 quales
1722 1659 1790 1683 sunt
1817 1653 1972 1695 pleraeque

94 1694 372 1735 lehneumonffi'um,
397 1695 624 1738 Cynipsearum,
649 1695 803 1735 Psilotum,
826 1696 1089 1726 Pteromalinorum
1113 1700 1184 1735 etc.,
1208 1696 1418 1737 dignoscendi,
1443 1695 1507 1726 sine
1531 1695 1743 1738 prolixioribus
1768 1695 1972 1738 descriptioni-

95 1740 164 1778 bus,
187 1738 330 1780 ejusmodi
353 1749 370 1769 a
392 1749 437 1768 me
461 1738 507 1768 hic
530 1738 633 1768 allatas
657 1748 716 1768 non
741 1737 832 1769 solum
857 1739 1008 1768 excusabit
1030 1749 1130 1768 verum
1154 1738 1239 1768 etiam
1263 1743 1342 1768 certe
1361 1737 1541 1779 justificabit.
1586 1737 1698 1768 Multae
1722 1741 1873 1780 praeterea
1896 1737 1973 1768 inter

96 1781 148 1812 has
170 1784 325 1811 occurrunt
348 1791 459 1819 novae,
483 1791 556 1821 quae
580 1780 717 1810 fusiorem
742 1784 770 1810 et
793 1780 958 1811 adcuratius
981 1781 1143 1823 expositam
1166 1780 1389 1823 descriptionem
1411 1780 1580 1810 necessarie
1603 1781 1764 1821 requirunt,
1788 1779 1845 1809 nisi
1868 1779 1973 1810 dubiae

97 1827 126 1853 et
148 1823 276 1853 incertae
299 1822 543 1864 divulgabuntur,
567 1822 670 1852 aliisve
694 1822 892 1853 subsimilibus
915 1822 982 1853 olim
1006 1824 1081 1853 forte
1101 1822 1274 1864 detegendis
1297 1822 1520 1853 confundentur.
1569 1821 1743 1865 Exemplum
1765 1822 1857 1863 igitur
1878 1821 1974 1852 scien-

97 1865 154 1896 tiae
178 1865 309 1895 Heroum
334 1871 468 1904 secutus,
491 1865 608 1906 longam
633 1868 661 1895 et
683 1865 806 1906 amplam
830 1865 981 1908 speciebus
1004 1865 1150 1907 plerisque
1174 1864 1356 1907 suppeditavi
1380 1864 1620 1906 descriptionem,
1643 1864 1673 1894 in
1698 1864 1845 1907 praesenti
1861 1863 1975 1906 Hyme-

97 1907 315 1949 nopterologiae
344 1911 418 1937 statu
454 1907 570 1937 minime
599 1917 860 1949 supervacaneam,
890 1906 970 1937 nulla
998 1907 1097 1937 habita
1126 1907 1240 1937 ratione
1272 1906 1307 1937 ad
1331 1906 1455 1937 taedium
1484 1906 1552 1937 inde
1580 1906 1765 1937 excitandum
1789 1905 1863 1948 apud
1886 1916 1974 1936 unum

98 1949 258 1980 alterumve
282 1949 440 1979 Lectorem
454 1973 462 1987 ,
486 1949 533 1990 qui
558 1949 727 1979 brevitatem
752 1954 780 1979 et
802 1949 1007 1979 obscuritatem
1031 1950 1221 1991 potiusquam
1256 1949 1469 1991 erspicuitatem
1492 1954 1521 1979 et
1543 1948 1744 1979 certitudinem
1767 1952 1894 1987 sectans,
1917 1947 1974 1979 sibi

97 1992 158 2034 ipse
181 1996 291 2021 tantum
315 1991 468 2021 consulere
492 1991 577 2033 cupit.
622 1991 684 2021 Nec
708 1991 793 2021 eredo
817 2002 862 2021 nie
885 1991 1023 2033 puerilem
1049 1991 1125 2021 illam
1150 1959 1296 2031 querefam
1320 1995 1348 2021 et
1382 1990 1638 2033 reprehensionem
1667 1990 1703 2021 de
1732 1990 1818 2021 nimis
1850 1990 1973 2033 prolixis

97 2034 126 2064 in
149 2033 357 2074 Entomologia
379 2033 622 2075 descriptionibus
647 2032 731 2063 bodie
754 2032 917 2063 auditurum
947 2033 982 2062 ab
1010 2033 1067 2063 alio
1096 2033 1234 2074 quodam,
1267 2043 1349 2073 quam
1373 2034 1420 2073 qui
1450 2033 1480 2062 in
1503 2033 1623 2063 insectis
1646 2031 1850 2063 examinandis
1873 2037 1902 2063 et
1924 2032 1974 2063 de-

96 2075 258 2107 scribendis
281 2076 342 2117 ipse
366 2075 459 2105 minus
483 2080 528 2105 est
542 2079 685 2113 versatus,
710 2074 755 2105 vel
772 2075 817 2105 cui
831 2075 1001 2117 praedivitis
1024 2080 1146 2105 naturae
1168 2080 1269 2105 vastae
1283 2082 1367 2116 atque
1382 2074 1544 2117 profundae
1567 2086 1658 2117 gazae
1680 2075 1854 2116 intimusque
1876 2085 1973 2106 rerum

96 2117 274 2149 naturalium
298 2128 393 2148 nexus
415 2117 516 2147 latent.

248 2159 334 2190 Haud
359 2170 449 2202 pauca
479 2169 590 2199 genera
619 2163 647 2189 et
673 2158 786 2201 species
814 2159 843 2189 in
876 2159 931 2190 hoc
959 2170 1047 2201 opere
1075 2158 1205 2189 inveniet
1230 2158 1344 2189 Lector
1375 2158 1534 2190 benevolus
1557 2159 1686 2189 breviter
1708 2159 1872 2197 recensita,
1900 2169 1973 2199 quae

98 2203 175 2233 intra
196 2201 314 2232 limitem
338 2199 511 2244 Lapponiae
535 2201 673 2231 hactenus
697 2211 754 2231 non
779 2201 896 2231 inventa
920 2202 1053 2240 fuerunt,
1075 2206 1211 2242 quantum
1235 2202 1318 2239 novi3
1342 2212 1390 2232 ex.
1413 2212 1459 2242 gr.
1482 2203 1661 2239 Memmius,
1686 2202 1836 2236 Evam'a,
1859 2203 1972 2244 Saga-

98 2249 157 2280 r1'8
181 2246 384 2283 Spalngia,
408 2245 630 2282 Perilampu3
654 2245 851 2282 Evpelmns.
877 2243 1066 2281 Ceropales,
1091 2244 1194 2279 Pseu,
1221 2245 1378 2283 Gorytee,
1401 2245 1547 2283 Atys-roa,
1570 2243 1784 2279 Philantlms,
1809 2245 1970 2281 Stigmata,

98 2289 250 2326 Sapyga,
282 2286 414 2324 Tiplu'a
442 2288 621 2325 Alyrmosa,
646 2288 798 2321 Metalla,
821 2287 974 2322 Pali-stes,
998 2286 1193 2325 Sphecodes,
1217 2287 1414 2325 Dasypoda,
1440 2288 1627 2325 Coelioxys,
1658 2285 1870 2320 Azttltidium,
1901 2285 1971 2314 Eu

99 2340 187 2364 cera
211 2330 369 2367 Epeolm,
394 2330 542 2367 Megala
570 2333 599 2358 et
622 2329 739 2357 Bomoi
768 2328 891 2370 species.
936 2327 1019 2358 Haec
1042 2339 1111 2359 vero
1140 2328 1282 2370 ejusmodi
1310 2334 1395 2367 sunt,
1428 2328 1529 2370 partim
1560 2338 1633 2368 quae
1661 2327 1751 2357 oculis
1780 2330 1971 2357 scrutatorum

101 2371 167 2401 licet
189 2370 244 2400 huc
267 2380 356 2410 usque
379 2381 411 2400 se
434 2370 653 2409 subtraxerint,
677 2376 772 2400 tamen
796 2374 826 2400 ut
848 2370 877 2400 in
901 2371 1059 2413 provinciis
1083 2370 1248 2401 borealibus
1271 2370 1445 2413 Lapponiae
1468 2370 1572 2400 vicinis
1596 2369 1711 2411 saepius
1734 2369 1870 2408 inventa,
1903 2379 1971 2411 pro-

101 2411 235 2443 babiliter
256 2412 342 2452 etiam
365 2412 436 2454 ipsis
460 2413 546 2443 terris
570 2412 684 2442 arcticis
710 2412 839 2442 habitent
861 2413 956 2453 ibique
979 2413 1047 2443 olim
1070 2412 1255 2455 colligentur,
1279 2414 1382 2455 partim
1411 2422 1483 2453 quae
1510 2412 1571 2452 jam
1600 2410 1720 2441 detectis
1753 2410 1838 2441 valde
1869 2410 1972 2442 affinia

100 2459 128 2485 et
150 2453 257 2484 similia
279 2454 314 2483 ob
338 2454 497 2485 faciliorem
520 2455 763 2497 comparationem
786 2454 1008 2494 instituendam,
1031 2455 1060 2485 in
1083 2460 1184 2485 nostra
1207 2454 1311 2485 Fauna
1334 2465 1392 2484 non
1415 2453 1663 2484 desiderarentur.
1691 2452 1830 2483 Reticere
1852 2453 1972 2496 insuper

101 2507 159 2527 non
182 2496 289 2534 debeo,
312 2506 356 2526 me
380 2496 601 2539 Hymenoptera
622 2496 795 2539 Lapponica
818 2496 1043 2539 descripturum,
1067 2508 1124 2527 non
1148 2496 1240 2527 solum
1264 2496 1459 2538 cognitionem
1488 2494 1693 2536 indigenorum
1722 2499 1751 2525 et
1779 2504 1811 2525 se
1831 2495 1971 2526 tentrioni

102 2538 281 2587 propriorum
304 2537 457 2580 praecipue
480 2539 663 2581 respexisse,
687 2538 737 2569 sed
762 2539 865 2578 etiam,
895 2539 1114 2570 adhortantibus
1146 2543 1217 2569 meis
1247 2543 1276 2569 et
1304 2538 1443 2568 scientiae
1473 2536 1593 2575 amicis,
1622 2547 1760 2568 summam
1783 2547 1818 2568 ve
1852 2537 1970 2569 brevem

102 2581 225 2611 indicem
255 2579 342 2609 totius
370 2578 583 2611 Scandinaviae
610 2581 697 2622 hujus
721 2580 841 2611 Ordinis
871 2581 1045 2612 insectorum
1076 2581 1161 2612 simul
1190 2581 1260 2611 dare
1289 2580 1434 2618 voluisse,
1461 2589 1516 2619 quo
1545 2578 1643 2609 utilior
1670 2583 1701 2609 et
1729 2579 1873 2622 acceptior
1894 2580 1970 2611 foret

102 2623 175 2653 liber
205 2621 524 2663 Hymenopterologiae
551 2623 705 2661 studiosis,
735 2623 837 2663 quibus
866 2629 931 2665 post
959 2624 1088 2653 Linnaei
1116 2622 1249 2653 Faunam
1279 2622 1399 2660 editam,
1442 2620 1534 2651 nostri
1567 2620 1705 2663 temporis
1732 2621 1968 2664 indagationibus

102 2664 259 2696 nullimodo
282 2663 526 2702 satisfacientem,
549 2675 633 2695 omne
656 2665 813 2707 periculum
837 2666 949 2708 species
972 2665 1156 2695 Piezatorum
1180 2663 1303 2694 Sueciae
1326 2663 1459 2704 cognitas
1483 2663 1625 2694 tractandi
1649 2663 1738 2694 deest.
1748 2664 1775 2703 )

253 2707 364 2745 Regio
387 2708 551 2745 sylvatica
573 2706 799 2749 Lapponiaew)
823 2707 974 2748 sequentia
997 2707 1134 2748 Hymeno
1157 2710 1219 2736 tera
1241 2708 1357 2747 praeter
1385 2703 1473 2735 multa
1501 2703 1625 2736 Sueciae
1653 2706 1831 2744 communia,
1854 2706 1884 2737 in
1907 2706 1967 2736 suis

103 2748 208 2790 sylvis,
230 2747 374 2779 fruticetis
397 2753 425 2777 et
447 2748 623 2788 graminosis
652 2749 803 2791 producit,
832 2750 943 2780 scilicet
971 2749 1100 2791 copiose:
1128 2717 1264 2778 gimbeoe
1284 2747 1450 2785 Lucorum3
1481 2747 1662 2777 Tenthredo
1686 2747 1876 2789 marginella,
1898 2758 1967 2778 ana-

208 2858 232 2888 )
253 2855 591 2887 MethodusHymenoptera
604 2855 765 2888 disponendi,
783 2866 859 2890 quam
872 2855 1054 2882 CetFALLfiN
1073 2855 1215 2881 elaboravit
1232 2859 1258 2880 et
1276 2863 1344 2880 anno
1364 2856 1428 2881 1813
1446 2856 1595 2889 publicavit,
1613 2857 1736 2881 Familias
1751 2859 1776 2880 et
1789 2856 1890 2880 Genera
1909 2859 1966 2880 tan-

108 2891 240 2915 tummodo
258 2898 305 2915 nec
322 2890 421 2922 species
440 2889 558 2921 l'vspici13
577 2892 602 2913 et
621 2889 762 2914 Clarissimi
782 2891 837 2916 Viri
856 2892 1001 2922 DALMAN,
1025 2891 1162 2921 tanuen,
1179 2890 1341 2921 DAutuom,
1529 2893 1555 2915 et
1573 2890 1615 2915 aiii
1638 2900 1658 2913 zv
1682 2890 1830 2913 2:1!:11ihns
1848 2889 1900 2913 suis
1919 2897 1966 2913 en-

109 2924 279 2955 tomologicis,
298 2928 342 2948 aut
352 2923 422 2948 Actis
441 2923 635 2947 Iloimieusibus
654 2926 699 2947 aut
717 2924 948 2949 Dissertationibus
963 2923 1121 2949 Academicis
1140 2923 1254 2955 insertis,
1272 2931 1324 2948 non
1342 2923 1391 2948 nisi
1410 2924 1539 2949 solitarias
1558 2925 1656 2956 specus
1675 2929 1718 2948 aut
1736 2926 1854 2954 separata
1871 2930 1966 2953 genera

109 2957 308 2990 monographice
325 2957 532 2989 descripserunt,
557 2956 679 2980 Ordinem
704 2959 786 2982 totum
811 2959 936 2983 intactum
955 2958 1136 2990 relinquentes.

211 2993 251 3023 )
272 2991 326 3016 Csr.
346 2991 474 3015 Sectionis
495 2991 566 3014 lmae
586 2989 716 3014 Praefatio
737 3000 759 3022 p,
780 2992 791 3015 l
813 2995 839 3016 gt
856 3000 911 3024 seq,

1495 3032 1564 3062 21
