2194 3208
588 734 1440 817 PnofiMIUM

555 867 788 902 Lepidopterorum
823 867 894 892 Ordo
928 866 1160 896 Entomotogorum
1201 863 1333 897 scopulus.
1384 861 1477 886 LATR-

840 969 1194 986 &OQ——

237 1059 337 1117 Cum
361 1085 482 1117 Classes
505 1085 641 1127 singulae
663 1085 822 1116 Suecorum
846 1084 1083 1127 Coleopterorum
1106 1081 1219 1113 iteratis
1243 1080 1369 1119 vicibus,
1391 1078 1642 1121 Orthopterorum,
1667 1076 1901 1119 Hemipterorum
1923 1082 1953 1107 et

84 1127 274 1172 Dipterorum
296 1132 361 1172 post
375 1128 528 1159 LrNNAm
553 1133 682 1171 tempora
705 1128 768 1159 fere
790 1128 924 1169 integrae
945 1130 975 1157 et
997 1125 1146 1157 absolutae
1169 1124 1200 1155 in
1222 1122 1313 1154 lucem
1337 1121 1507 1165 prodierunt
1528 1120 1702 1157 recensitae,
1725 1129 1782 1149 non
1798 1119 1855 1149 nisi
1871 1119 1949 1149 inee-

85 1172 142 1214 ptis
165 1178 194 1202 et
215 1170 415 1202 conaminibus
438 1170 566 1213 abruptis
590 1170 852 1213 Lepidopterorum
876 1168 1014 1200 Ordinem
1039 1165 1229 1198 adumbrandi
1253 1165 1355 1196 laetari
1380 1173 1542 1206 possumuS.
1586 1161 1754 1192 Mirandum
1778 1171 1846 1191 vero
1869 1171 1953 1200 sane,

85 1213 160 1255 qnod
181 1212 405 1256 pulcherrimum
429 1212 515 1243 facile
538 1212 712 1243 insectorum
735 1223 841 1254 agmen
866 1212 893 1242 in
917 1211 981 1254 ipsa
1003 1210 1163 1241 Lmnam
1185 1207 1279 1251 patria
1308 1211 1363 1237 tam
1394 1205 1582 1248 postpositum
1612 1208 1641 1234 et
1672 1213 1764 1246 paene
1787 1202 1952 1245 neglectum

85 1255 141 1286 huc
162 1265 252 1296 usque
274 1255 380 1292 suerit3
411 1259 439 1285 et
461 1265 495 1285 eo
518 1254 610 1285 serme
633 1262 801 1297 perventum
825 1258 886 1293 est,
916 1260 945 1284 ut
974 1253 1086 1295 species
1117 1252 1202 1292 hujus
1232 1249 1347 1280 Classis
1377 1248 1505 1278 rariores
1536 1246 1553 1277 l.
1577 1256 1685 1284 novas,
1709 1255 1779 1286 quas
1802 1245 1954 1287 proferant

85 1303 183 1329 terrae
206 1301 324 1328 nostrae
348 1296 479 1327 boreales
494 1320 503 1335 ,
526 1296 612 1327 etiam
636 1298 735 1327 harum
765 1296 919 1326 formarum
944 1295 1060 1326 minime
1082 1295 1205 1336 inopes,
1234 1292 1354 1334 primum
1378 1291 1413 1321 ab
1437 1289 1557 1320 Exteris
1586 1288 1746 1330 descriptas
1769 1287 1953 1330 recipiamus.

84 1340 147 1371 Nec
175 1339 424 1382 exspectandum,
457 1349 501 1369 me
524 1339 671 1381 praesenti
695 1338 790 1381 opella
813 1338 897 1369 talem
921 1338 1061 1368 incuriam
1095 1342 1123 1366 et
1146 1336 1287 1366 desectum
1312 1344 1349 1364 ex
1372 1332 1449 1363 omni
1472 1336 1554 1374 parte
1575 1330 1678 1361 tollere
1701 1330 1829 1372 potuisse
1844 1353 1853 1368 ,
1890 1339 1954 1359 cum

85 1392 179 1423 neque
200 1381 274 1412 ratio
297 1381 448 1424 opusculi,
471 1391 564 1421 neque
588 1381 634 1411 via
656 1381 742 1412 studii
767 1380 822 1411 mei
845 1379 1049 1421 entomologici
1072 1378 1202 1421 proprii,
1225 1386 1339 1417 neque,
1368 1375 1496 1416 ingenue
1519 1374 1631 1411 fateor,
1654 1373 1725 1403 satis
1749 1372 1863 1414 peritia,
1886 1381 1954 1401 con-

84 1424 211 1463 cedant,
234 1428 265 1454 ut
287 1427 396 1453 omnm
418 1425 663 1453 Scandinaviae
692 1425 918 1462 Lepitloptera
940 1422 1016 1452 intra
1039 1421 1091 1451 has
1119 1419 1254 1463 plagulas
1276 1417 1493 1460 complecterem
1523 1415 1685 1458 publicique
1713 1414 1789 1455 juris
1818 1413 1954 1444 facerem.

85 1465 185 1498 Meum
207 1465 284 1496 enim
308 1466 484 1508 propositum
509 1470 616 1496 tantum
640 1466 715 1503 suit,
744 1469 774 1495 ut
797 1465 849 1496 hac
882 1465 944 1495 vice
972 1466 1200 1500 Lepitloptera
1227 1462 1442 1499 Lapponica,
1470 1457 1562 1499 quoad
1592 1467 1690 1488 eorum
1724 1455 1954 1498 dispositionem,

85 1508 288 1547 characteres,
310 1507 533 1550 synonymiam,
556 1518 645 1538 sexus
663 1507 857 1538 differentiam
881 1510 910 1537 et
931 1506 1148 1544 oeconomiam,
1180 1508 1315 1545 quantuni
1346 1502 1420 1532 hanc
1447 1500 1602 1543 explorare
1625 1498 1788 1541 potuerim,
1817 1497 1954 1528 adcurate

106 1554 306 1589 ertractarem,
329 1555 424 1591 atque,
449 1549 669 1580 adhortantibus
693 1549 804 1580 Amicis
827 1549 898 1580 meis
922 1548 1143 1588 entomologicis
1167 1552 1195 1577 et
1217 1543 1515 1588 Lepidopterologiae
1538 1541 1711 1580 fautoribus,
1733 1539 1818 1571 simul
1841 1539 1954 1583 species

85 1561 173 1634 hujus
195 1591 308 1623 ordinis
330 1591 468 1622 Suecicas
482 1615 490 1630 ,
518 1597 654 1633 quotquot
676 1591 705 1622 in
729 1591 844 1634 scriptis
867 1596 895 1622 et
916 1591 1134 1622 collectionibus
1163 1588 1320 1619 obveniant
1342 1596 1479 1629 sparsae,
1513 1594 1731 1622 enumerarem,
1763 1593 1862 1613 earum
1890 1581 1955 1612 loca

85 1634 211 1673 natalia,
233 1639 345 1677 tempus
367 1633 499 1676 vigendi,
521 1634 702 1665 inventorem
726 1639 754 1664 et
776 1633 979 1675 synonymiam
996 1632 1145 1669 afferrem,
1168 1636 1198 1661 et
1219 1630 1333 1660 tandem
1357 1627 1491 1669 singulas
1514 1627 1575 1657 suis
1598 1625 1716 1657 familiis
1739 1624 1955 1666 generibusque

86 1676 225 1720 genuinis
248 1676 421 1714 insererem,
444 1686 498 1717 quo
523 1676 608 1717 hujus
631 1676 734 1707 classis
758 1676 888 1706 Studiosi
911 1681 940 1706 et
958 1676 1114 1706 Amatores
1139 1673 1279 1704 haberent
1301 1671 1494 1702 desideratam
1519 1668 1642 1699 indicem
1665 1667 1824 1707 saltemque
1846 1666 1956 1697 scirent

86 1724 154 1761 quot
175 1722 204 1750 et
225 1728 366 1760 quaenam
389 1718 651 1761 Lepidopterorum
674 1718 786 1761 species
810 1722 910 1749 nostra
931 1717 1037 1748 Suecia
1060 1717 1088 1747 in
1119 1726 1171 1746 suo
1194 1714 1307 1756 gremio
1335 1713 1403 1745 alat.
1448 1712 1497 1743 An
1521 1721 1590 1742 vero
1613 1710 1683 1741 mihi
1706 1709 1863 1751 contigerit
1884 1708 1956 1738 haec

86 1761 184 1793 omnia
205 1771 268 1792 cum
290 1771 426 1791 successu
450 1765 478 1791 et
500 1771 538 1791 ex
561 1765 626 1791 voto
649 1760 804 1803 persequi,
832 1760 953 1791 Lectori
978 1758 1119 1790 benevolo
1141 1755 1356 1797 dijudicandum
1380 1754 1445 1785 erit.

236 1802 354 1834 Interea
376 1802 468 1833 laetus
492 1806 651 1844 gratusque
674 1813 802 1844 agnosco
831 1813 876 1833 me
897 1803 950 1833 sub
976 1802 1029 1832 hoc
1051 1811 1138 1843 opere
1161 1798 1338 1830 elaborando
1361 1796 1477 1840 prolixa
1504 1798 1533 1826 et
1566 1793 1629 1825 fere
1658 1792 1858 1835 inexspectata
1880 1801 1956 1822 com-

86 1843 281 1877 municatione
302 1844 468 1887 participem
492 1845 584 1876 tuisse
607 1845 860 1884 adminiculorum,
894 1855 967 1886 quae
995 1853 1172 1885 magnopere
1205 1841 1333 1872 laborem
1363 1838 1568 1875 snblevarunt,
1601 1839 1629 1867 et
1651 1835 1715 1866 sine
1738 1835 1841 1876 quibus
1869 1834 1956 1865 etiam

87 1887 195 1941 optima
216 1886 363 1918 voluntate
385 1886 506 1918 meliora
535 1887 718 1929 praestandi,
753 1887 881 1918 libellum
910 1896 966 1917 non
995 1886 1052 1916 nisi
1080 1894 1210 1916 mancum
1244 1888 1273 1913 et
1300 1882 1498 1924 imperfectum
1528 1878 1643 1909 tradere
1674 1878 1841 1919 potuissem.
1885 1876 1955 1906 Sic:

89 1929 153 1961 Lel.
175 1928 382 1960 ScuiiNflERR
405 1940 421 1959 e
443 1939 496 1965 suo
519 1940 628 1969 museo,
651 1930 825 1960 insectorum
848 1929 974 1959 omnium
998 1928 1060 1958 fere
1083 1927 1217 1957 classium
1241 1924 1402 1968 praedivite
1425 1928 1453 1953 et
1475 1921 1621 1964 opulento,
1644 1921 1729 1950 etiam
1747 1918 1955 1961 Lepidopteris

89 1971 203 2003 arcticis
227 1975 367 2010 scatente,
390 1971 478 2001 multa
500 1971 607 2002 eximia
630 1976 656 2002 et
681 1972 764 2002 unica
786 1982 896 2002 mecum
920 1970 954 2001 ad
978 1968 1169 2000 describenda
1191 1966 1335 2009 singulari
1359 1966 1460 1996 favore
1473 1962 1702 1994 communicavit.
1717 1981 1754 1984 —
1768 1960 1956 1992 Amicissimo

89 2013 284 2052 Dannuoat,
308 2013 421 2043 itineris
434 2013 597 2055 Lapponici
616 2013 752 2045 Umensis
776 2013 872 2052 socio,
894 2012 1030 2055 pleraque
1049 2010 1324 2053 Microlepidoptera
1346 2018 1438 2046 nova,
1461 2006 1563 2047 quibus
1587 2004 1691 2035 Fauna
1714 2007 1814 2034 nostra
1837 2013 1852 2033 e
1876 2002 1956 2044 Lap-

90 2055 177 2099 ponia
198 2054 382 2086 meridionali
405 2055 550 2097 superbit,
593 2056 628 2085 ab
653 2055 706 2086 lllo
735 2055 900 2086 acutissimo
929 2054 1011 2085 oculo
1040 2054 1217 2093 investigata
1240 2052 1347 2088 debe03
1392 2058 1421 2080 et
1443 2049 1563 2090 insuper
1590 2044 1648 2077 Hic
1670 2045 1811 2088 egregius
1835 2050 1956 2075 naturae

91 2102 236 2129 scrutator
249 2097 363 2128 domum
381 2107 517 2128 reversus
530 2107 598 2128 suas
621 2098 841 2128 observationes
865 2097 941 2127 circa
955 2096 1058 2126 victum
1073 2100 1101 2126 et
1123 2093 1365 2136 metamorphosin
1378 2091 1652 2134 Lepidopterorum,
1674 2099 1727 2138 per
1749 2087 1852 2118 multos
1864 2096 1955 2117 annos

89 2140 248 2179 institutas,
271 2150 322 2182 pro
346 2139 431 2170 solita
453 2150 506 2170 sua
529 2140 720 2179 benignitate,
742 2139 892 2180 studioque
915 2139 1054 2169 scientiae
1077 2136 1230 2177 augendae
1254 2141 1361 2166 tantum
1381 2133 1492 2172 ductus,
1517 2132 1586 2163 mihi
1599 2130 1715 2169 obtulit,
1737 2134 1768 2161 nt
1790 2140 1841 2171 pro
1865 2128 1956 2158 lubitu

90 2182 256 2213 adhiberem
285 2186 313 2212 et
336 2182 364 2212 in
389 2192 469 2212 nsum
493 2182 622 2224 opusculi
647 2188 797 2212 verterem.
822 2201 859 2204 —
883 2180 980 2211 Nobil.
1005 2180 1174 2211 ssoummx
1198 2190 1214 2209 e
1236 2188 1331 2208 messe
1354 2187 1406 2207 sua
1429 2175 1523 2218 ampla
1545 2180 1573 2204 et
1595 2173 1759 2214 exquisita,
1791 2173 1818 2201 in
1844 2170 1956 2212 alpibus

89 2225 193 2267 partim
216 2224 449 2255 Dowreensibus
471 2224 663 2265 Norvegiae,
692 2223 794 2262 1832,
821 2223 980 2266 partimque
1011 2221 1202 2252 Dalecarlicis
1232 2219 1405 2262 Lapponiae
1438 2217 1562 2248 Sueciae
1593 2216 1717 2246 maxime
1747 2212 1957 2251 meridionalis,

92 2265 195 2305 1836,
217 2266 251 2296 ab
274 2266 341 2309 Ipso
364 2267 462 2304 sacta,
486 2266 546 2297 102
569 2266 832 2308 Lepidopterorum
857 2265 969 2308 species
993 2264 1173 2306 insigniores
1197 2262 1267 2293 mihi
1290 2262 1324 2292 ad
1349 2259 1558 2303 comparandas
1589 2264 1617 2288 et
1640 2257 1760 2287 Faunae
1784 2254 1956 2285 inserendas

91 2308 265 2339 amicissime
288 2308 374 2340 misit.
396 2326 436 2330 —
458 2307 572 2338 Praecl.
599 2308 865 2347 WESTERMANN,
890 2307 1075 2345 Hasniensis,
1099 2306 1195 2336 varias
1218 2303 1487 2335 animadversiones
1510 2301 1553 2331 rei
1578 2299 1682 2337 utiles,
1716 2303 1745 2328 et
1769 2296 1842 2327 hand
1866 2306 1957 2338 pauca

91 2349 290 2393 Lepidoptera
313 2350 528 2381 Groenlandica
550 2350 658 2381 selecta
681 2350 806 2391 mihique
829 2358 914 2380 antea
937 2349 1055 2391 ignota,
1085 2348 1190 2379 ardore
1214 2346 1426 2385 entomologiae
1449 2341 1668 2385 amplificandae
1698 2349 1848 2379 numquam
1872 2348 1956 2369 sene-

92 2398 206 2430 scente,
229 2396 257 2422 et
279 2391 452 2423 liberalitate
476 2392 511 2423 Ei
536 2393 672 2435 propria,
695 2392 777 2435 operi
801 2392 950 2435 lapponico
974 2391 1137 2422 contribuit.
1161 2408 1200 2412 —
1231 2389 1294 2420 Cel.
1320 2384 1478 2418 Professor
1501 2386 1534 2415 Β.
1560 2383 1592 2413 F.
1618 2382 1779 2421 Fssisss‘*),
1807 2391 1823 2411 e
1857 2391 1955 2411 museo

68 2440 77 2442 “
92 2435 170 2476 Reg.
193 2433 286 2465 Acad.
308 2433 418 2465 Scient.
442 2434 606 2465 Holmiensi
630 2435 711 2465 varia
734 2444 786 2477 pro
809 2446 840 2465 re
864 2432 1149 2465 nostraillnstranda
1172 2431 1322 2463 annotavit
1339 2436 1366 2460 et
1389 2432 1527 2459 annotata
1550 2425 1633 2455 nobis
1657 2435 1709 2466 per
1723 2423 1834 2454 litteras
1858 2423 1956 2453 huma-

92 2477 169 2507 niter
191 2475 386 2506 demandavit.
419 2495 456 2499 —
490 2476 570 2507 Beat.
594 2477 678 2507 Pros.
702 2476 879 2515 Dammx,
913 2476 960 2517 qui
989 2476 1055 2506 dum
1078 2475 1191 2505 viveret
1221 2473 1355 2503 Botniam
1380 2469 1540 2506 borealem,
1578 2477 1667 2507 usque
1695 2465 1730 2496 ad
1754 2464 1904 2495 Torneam
1929 2470 1956 2495 et

92 2517 299 2561 Haparandant
324 2518 526 2559 proficiscens,
550 2519 706 2557 visitabat,
730 2519 824 2560 ibique
847 2529 899 2561 pro
922 2518 1040 2548 insectis
1064 2516 1238 2555 colligendis
1268 2513 1362 2556 paullo
1392 2510 1637 2547 commorabatur,
1667 2507 1818 2539 multorum
1842 2506 1955 2547 quidem

93 2571 209 2592 suorum
233 2560 415 2590 inventorum
439 2561 536 2602 magni
561 2568 637 2592 certe
661 2562 796 2592 momenti
819 2572 864 2592 me
886 2560 1028 2602 quondam
1052 2559 1218 2601 participem
1243 2557 1319 2587 fecit.
1370 2553 1532 2595 Praecipua
1561 2556 1653 2581 autem
1682 2550 1746 2591 ejus
1768 2549 1955 2587 detectorum,

94 2601 401 2645 Lepidopterologiam
425 2606 453 2632 et
475 2604 621 2644 speciatim
645 2606 790 2633 A‘ucmas
814 2613 904 2633 novas
928 2602 1109 2645 spectantia,
1134 2610 1206 2641 qnae
1230 2608 1305 2629 mors
1329 2597 1476 2638 inopinata
1500 2593 1693 2636 impediebat,
1716 2591 1866 2633 quominus
1890 2591 1955 2633 lpse

93 2646 241 2688 publicare
263 2650 379 2686 posset,
413 2644 481 2674 mihi
514 2655 555 2674 »er
579 2645 616 2676 D.
639 2645 845 2676 scnaxnrnn
869 2655 961 2687 nuper
990 2643 1129 2674 benevole
1159 2642 1275 2671 suerunt
1302 2638 1524 2674 cmnmunicatag
1559 2645 1678 2675 quorum
1706 2635 1791 2665 etiam
1815 2634 1953 2663 rationem

94 2688 154 2718 suis
179 2686 248 2717 locis
271 2685 395 2716 reddidi.
429 2703 468 2708 -—
535 2709 541 2717 .
565 2686 602 2718 D.
627 2687 772 2719 Assessor
794 2688 1013 2726 DEL‘Tsc11¹'⁰)
1038 2686 1066 2715 in
1089 2684 1227 2721 Tornea,
1261 2688 1288 2712 et
1312 2681 1417 2711 Pastor
1440 2679 1629 2709 Senatan'rz
1654 2677 1682 2707 in
1706 2676 1839 2719 paroecia
1868 2674 1953 2706 Calix

245 2812 271 2843 ο)
293 2812 359 2837 Cum
378 2812 426 2837 lioc
445 2811 529 2836 scribo
548 2812 710 2838 tristissimus
729 2813 772 2839 ille
790 2813 896 2838 nuntius
916 2813 946 2838 aa
967 2820 1006 2836 me
1026 2809 1155 2843 pervenit,
1175 2807 1384 2832 honestissimum
1404 2805 1470 2830 hunc
1488 2804 1595 2834 Virum,
1619 2811 1704 2828 meum
1724 2809 1768 2835 per
1787 2799 1948 2832 septennium

94 2847 223 2880 quondam
242 2847 396 2879 discipulum
416 2845 592 2876 carissimum,
611 2850 774 2878 praematura
793 2851 891 2877 morte,
911 2854 979 2871 anno
998 2853 1060 2869 snae
1079 2843 1171 2867 aetatis
1190 2841 1308 2866 florentis
1327 2840 1372 2870 40,
1398 2840 1428 2864 ab
1453 2839 1548 2867 uxore,
1573 2837 1634 2862 filiis
1653 2837 1677 2867 5,
1696 2834 1790 2860 Amicis
1812 2833 1953 2870 innumpris

94 2885 120 2906 et
137 2880 261 2912 scientia,
284 2889 362 2914 qnam
380 2880 527 2904 felicissime
546 2880 655 2911 colebat,
673 2879 714 2904 die
732 2880 755 2905 7.
774 2881 855 2913 April.
875 2881 940 2905 1339
959 2882 1074 2911 ereptum
1094 2876 1192 2906 fuisse,
1216 2875 1283 2907 quod
1308 2874 1388 2898 oculis
1407 2872 1600 2898 lacrimantibus
1619 2871 1757 2901 animoque
1782 2871 1953 2891 moestissimo

91 2914 145 2945 jam
164 2918 253 2940 notum
279 2914 354 2940 facin.
1776 2933 1780 2937 .
1846 2933 1850 2937 .
1927 2933 1931 2937 .

247 2949 289 2979 ⁸⁶)
308 2948 393 2973 Etiam
413 2948 556 2973 indelessus
575 2946 615 2971 liic
632 2947 776 2980 plantarum
795 2947 1003 2978 insectorumque
1021 2945 1142 2969 collector
1159 2947 1185 2967 et
1202 2941 1406 2967 communicator
1423 2944 1483 2965 ante
1501 2947 1597 2972 paucos
1620 2944 1702 2962 annos
1727 2944 1741 2959 e
1758 2938 1809 2958 vita
1828 2934 1951 2958 discessit.
