2194 3208
908 83 1078 114 Carnum.

235 89 292 121 111
525 83 825 117 COLEOPTERA.

1127 83 1240 114 TRox.

1283 82 1526 114 Psmmomus.
1571 83 1818 117 SCARABAEUS.
2047 85 2108 119 112

269 193 360 218 Gur.
379 191 430 215 Ins.
450 190 493 214 Sv.
514 189 538 214 1.
556 188 597 213 53.
619 189 642 214 l.
661 187 789 213 Scuiiun.
809 188 872 217 Syn.
891 185 999 210 3.103.
1018 185 1059 210 10.
1078 185 1143 209 Dus.

236 227 320 252 Catal.
340 234 363 257 p.
383 224 425 249 61.
445 225 553 248 SAHLB.
576 223 624 247 {ns-
641 222 714 246 Fenn
745 221 775 246 17
794 224 819 244 et
834 220 874 244 18.
889 220 911 244 l.
926 219 951 243 b.
971 222 996 243 et
1015 227 1036 243 c.
1056 219 1146 243 ΖΕΤΤ.

235 261 286 285 Fn.
305 260 335 284 L.
356 259 380 283 1.
399 258 456 283 171.
477 257 500 282 l.
523 265 547 282 a.
575 257 622 288 (79.
658 255 817 280 Sem-abacus
844 254 966 285 fasciatus
989 253 1076 279 LmN.
1095 253 1146 277 Fn.

248 297 252 302 “
275 313 280 319 .
298 292 357 317 395.

236 296 331 350 SVVar.
351 326 375 350 b.
395 328 425 357 g.
444 324 534 355 Elytra
558 323 647 354 nigra,
672 321 759 346 fasciis
784 319 884 344 duabus
907 320 999 351 luteis,
1023 320 1146 345 anteriori

235 359 337 391 latiori,
366 358 527 389 decurrend,
556 365 607 382 non
631 364 691 381 vero
715 354 853 387 posteriori
873 354 982 386 juncta;
1006 354 1145 387 posteriori

235 402 315 428 parva
333 393 413 418 libera
431 393 528 417 lunata.

269 428 396 453 Serrana.
415 427 432 451 l.
452 434 473 451 c.
493 433 546 450 var.
564 426 589 455 β.
608 427 633 448 et
651 424 717 455 App.
736 422 778 447 39.
796 421 838 447 60.
856 424 881 453 β.
907 423 1065 446 SAHLBERG
1086 422 1102 446 l.
1122 430 1144 446 c.

235 463 278 488 18.
298 463 321 487 1.
340 462 364 486 d.
383 461 474 485 Ζιῑττ.
493 461 509 484 l.
529 467 550 483 c.
569 465 622 482 var.
643 457 666 481 b.
687 459 716 487 (ἲ.
1099 488 1104 492 ἡ
1140 488 1145 492 ι

270 496 331 521 Var.
351 503 374 520 c.
393 495 440 526 ἐξ.
460 493 548 524 Elytra
570 491 657 521 nigra,
682 489 768 514 fasciis
787 489 886 513 duabus
904 489 995 515 luteis,
1022 492 1146 513 anteriori

234 529 336 560 latiori,
354 527 513 556 decurrenti,
538 524 674 558 posteriori
692 523 719 548 in
744 523 828 547 medio
853 523 1013 556 interrupta,
1046 524 1146 547 macula

235 563 358 589 exteriori
377 566 538 590 transversa,
557 560 646 583 libera.

269 597 396 623 Scuiisu.
415 596 431 619 l.
451 603 472 619 e.
491 602 544 618 var.
563 601 589 624 γ.
609 596 635 616 et
651 592 719 624 App.
738 592 778 616 39.
797 591 839 616 60,
855 599 880 622 γ.
900 591 1067 616 ΞΑΗιΒΕκθ.
1087 591 1104 616 1.
1124 599 1145 615 c.

234 633 277 657 13.
298 633 322 656 1.
341 639 363 655 e.
383 630 472 654 ZE'rT.
492 629 507 652 l.
521 635 542 652 c.
562 634 644 651 vanc.
660 629 689 657 g.
1140 657 1145 662 ⁴

270 666 330 691 Var.
356 664 380 689 d.
400 664 445 694 (ΓΞ.
465 661 554 692 Elytra
572 660 660 691 nigra,
685 658 770 683 fasciis
789 658 889 682 duabus
907 658 999 689 luteis,
1023 658 1147 683 anteriori

234 699 336 729 latiori,
354 695 512 725 decurrenti,
538 693 675 727 posteriori
701 693 807 717 maculis
832 692 931 716 duabus
957 692 1043 716 liberis
1062 696 1147 716 trans-

234 768 363 795 suturam)
385 762 572 793 minutissima,
591 761 731 786 rotundata
743 779 750 790 ‚
769 760 946 793 punctiformi,

267 800 394 826 Senos-u.
414 799 430 823 l.
449 805 470 821 c.
490 805 542 822 var.
563 795 588 820 ol
607 799 633 820 et
650 796 707 828 App
731 795 772 819 39.
791 794 834 819 60.
853 794 878 819 d'.
898 795 1006 820 Saura.
1025 795 1042 818 l.
1062 801 1084 819 c.
1106 794 1146 818 18.

234 836 259 861 l.
277 834 296 859 f.
316 834 406 858 Zssrr.
424 832 440 856 l.
460 839 481 856 c.
500 838 554 856 var.
573 830 598 854 d.
618 832 647 861 3.
1103 861 1108 865 .
1144 861 1148 865 Ι

268 869 329 893 Var.
348 875 370 892 e.
391 866 438 897 3?-
465 865 554 895 Elytra
580 863 670 894 nigra,
689 862 777 887 fasciis
796 862 896 886 duabus
915 861 1006 891 luteis,
1025 864 1150 885 antemon

233 904 301 932 lata,
319 901 414 930 libera,
433 897 569 932 posteriori
587 900 697 928 angusta
715 904 772 921 cum
792 896 860 920 linea
885 895 1011 925 suturali,
1031 903 1097 927 quae
1116 895 1147 919 ad

234 936 347 961 medium
372 933 448 964 elytri
474 931 637 963 extenditur,
661 930 808 961 conjuncta.
844 929 977 954 Interdum
1004 929 1032 953 in
1055 930 1148 962 copula

233 978 291 995 cum
308 976 361 993 var.
381 976 404 992 a.
424 967 466 991 inv
474 970 542 991 enta.

267 1005 376 1029 Saura.
397 1002 413 1027 l.
433 1009 453 1026 c.
475 1008 527 1024 var.
547 1007 573 1030 g.
592 999 682 1023 Zre'rr.
702 998 719 1023 l.
739 1005 761 1023 c,
782 1005 838 1022 var.
859 1005 881 1022 e.
902 998 926 1023 [2.

267 1038 328 1062 Var.
348 1035 364 1061 f.
384 1038 415 1067 Οἳ.
436 1035 525 1065 Elytra
549 1033 637 1063 nigra,
667 1031 754 1056 fasciis
779 1031 871 1062 luteis,
898 1030 1001 1062 liberis,
1032 1031 1147 1054 maculas

233 1074 346 1105 quatuor
362 1070 465 1094 lunatas
484 1068 510 1092 in
529 1067 606 1091 dorso
625 1065 805 1090 formantibus.

268 1105 359 1129 Gur.
385 1104 403 1127 l.
423 1111 446 1127 c.
467 1103 492 1126 l.
513 1101 553 1125 53.
580 1101 605 1124 1.
630 1101 654 1124 b.
688 1099 817 1125 Sentis-u.
835 1100 852 1124 l.
872 1107 893 1124 c.
913 1107 967 1124 var.
987 1106 1007 1123 ε.
1036 1098 1146 1129 (exclus.

233 1140 296 1170 Syn.
315 1137 414 1167 Ltus.)
435 1139 461 1160 et
478 1136 545 1168 App.
564 1135 605 1159 39.
624 1134 666 1159 60.
684 1141 705 1157 ε.
725 1134 832 1158 ὃΑκιΒ.
851 1134 868 1158 l.
887 1141 909 1157 c.
928 1141 983 1157 var.
1003 1132 1027 1157 k.
1055 1133 1145 1156 ΖΕΤΤ.

232 1174 250 1198 1.
270 1180 292 1198 c.
311 1179 363 1196 var.
384 1171 401 1196 f.
423 1173 452 1201 g*—
1084 1199 1088 1203 Ι
1106 1199 1110 1203 .

267 1206 328 1231 Var.
347 1213 371 1236 g.
392 1205 438 1236 (ΓΕ.
463 1203 553 1234 Elytra
576 1203 660 1231 lutea,
688 1202 789 1225 macula
808 1200 948 1231 humerali,
974 1200 1040 1224 callo
1064 1199 1146 1223 nitido

231 1240 344 1269 inserta,
364 1242 525 1266 transversa,
544 1234 623 1260 fascia
643 1235 726 1259 media
745 1235 847 1259 interne
866 1234 1030 1263 abbreviata,
1056 1234 1151 1265 plaga-¹

232 1283 283 1307 que
301 1272 407 1306 apicali,
431 1272 495 1296 callo
515 1270 596 1294 nitido
615 1269 692 1293 etiam
712 1268 809 1292 inserta
825 1288 831 1298 ‚
860 1268 936 1298 atris,
967 1267 1087 1292 omnibus
1107 1267 1145 1290 his

232 1307 374 1339 signaturis
393 1305 509 1336 margine
529 1305 602 1334 nigro
621 1303 759 1331 connexis;
779 1303 868 1334 clypeo
887 1302 1059 1332 emarginato.

267 1341 394 1367 Sei-rosa.
414 1341 429 1364 1.
450 1347 471 1364 c.
491 1346 543 1363 var.
563 1338 585 1365 ξ
605 1340 631 1362 et
649 1338 715 1369 App.
740 1337 782 1362 39.
801 1337 842 1361 60.
862 1336 883 1363 ξ.
903 1336 993 1360 ΖΕΤΤ.
1014 1336 1030 1360 l.
1050 1342 1072 1360 c.
1091 1342 1145 1359 var.

231 1383 258 1407 g.
278 1374 391 1400 Trichius
413 1374 536 1405 fasciatus
553 1372 643 1396 Fun.
669 1371 754 1395 Eleut.
774 1371 799 1395 2.
820 1370 877 1395 131.
897 1370 922 1395 4.
953 1370 1063 1401 (exclus.
1082 1369 1145 1399 Syn.

251 1411 300 1434 lur.

232 1419 248 1442 p
266 1410 333 1468 Hab
358 1441 384 1466 in
402 1440 510 1465 floribus
529 1438 620 1469 Sorbi,
638 1437 761 1470 Spiraeae
781 1437 922 1468 Ulmariae,
940 1438 1145 1461 Umbellatarum

231 1480 281 1502 etc.
300 1476 327 1501 in
344 1474 481 1508 Lapponia
500 1472 608 1498 Suecica
626 1475 652 1496 et
670 1472 831 1503 Norvegica,
857 1480 902 1504 per
921 1476 1019 1504 partem
1039 1470 1146 1502 sylvati-

231 1519 288 1536 cam
306 1513 332 1534 et
350 1511 454 1539 cultam,
473 1515 554 1532 mens.
574 1507 708 1537 Auguste,
726 1506 841 1538 passim;
862 1513 910 1536 ego
928 1505 1067 1529 varietates
1086 1505 1101 1528 b
1121 1508 1147 1528 et

231 1553 245 1569 c
263 1544 294 1569 ad
313 1544 442 1568 Tromsoe
460 1541 637 1567 Nordlandiae
655 1540 877 1572 septentrionalis,
896 1539 987 1564 variet.
1001 1547 1015 1563 a
1034 1542 1060 1563 et
1079 1546 1095 1569 g
1114 1538 1144 1562 ad

231 1578 365 1610 Bossekop
384 1581 410 1601 et
428 1577 504 1600 Alten
523 1574 699 1604 Finmarkiae,
718 1574 857 1598 varietates
876 1574 900 1604 d,
920 1582 934 1598 e
952 1577 978 1598 et
996 1573 1008 1597 f
1024 1573 1055 1596 ad
1074 1573 1146 1597 Ken-

231 1612 286 1643 gis,
313 1610 498 1635 Muonioniska
516 1612 542 1633 et
568 1608 738 1633 Karesuando
764 1608 915 1640 Lapponiae
938 1606 1098 1636 Tornmsis,
1121 1609 1146 1630 et

230 1646 369 1670 varietates
387 1653 411 1668 a.
437 1651 458 1668 e.
484 1651 507 1667 e.
532 1650 557 1673 g.
585 1643 621 1673 (a.
641 1646 666 1666 et
684 1650 706 1667 c.
725 1642 854 1666 interdum
880 1642 906 1666 in
925 1641 1032 1673 copula)
1052 1640 1145 1665 iterum

231 1679 381 1712 frequenter
404 1677 429 1702 in
455 1676 591 1709 Lapponia
613 1675 794 1707 meridionali,
823 1684 864 1701 ex.
890 1683 929 1706 gr.
959 1675 990 1699 ad
1018 1676 1145 1705 Stensele,

231 1709 317 1744 Asele,
336 1711 500 1736 Wilhelmina
512 1719 558 1734 nec
578 1718 628 1734 nou
648 1709 674 1734 in
693 1713 781 1734 monte
799 1710 935 1741 subalpino
955 1707 1146 1739 Stiittingsfjel-

231 1748 282 1778 let,
300 1746 327 1771 in
346 1745 426 1779 pratis
444 1744 539 1769 inveni.
575 1743 719 1768 Varietates
739 1752 761 1768 a.
781 1747 808 1768 et
825 1752 858 1773 e.,
883 1743 1031 1773 frequenter
1052 1742 1146 1772 (inter-

231 1781 293 1805 dum
312 1780 458 1814 promiscue
477 1778 503 1802 in
521 1779 644 1810 copula),
668 1781 693 1801 at
711 1777 823 1801 varietas
848 1776 865 1802 f.
885 1776 1017 1801 rarissime
1030 1795 1036 1807 ,
1055 1784 1146 1800 occur-

232 1818 302 1840 runt.
339 1815 366 1838 ln
385 1813 492 1843 regione
511 1812 598 1844 alpina
616 1819 748 1843 nunquam
773 1811 975 1844 deprehenditur
999 1809 1062 1834 haec
1086 1818 1145 1842 spe-

232 1848 295 1874 cies.
317 1847 544 1880 (Lappon.-Scan.
565 1853 634 1879 pass.
654 1854 706 1870 non
724 1853 785 1869 vero
805 1853 894 1869 onmes
913 1844 1074 1875 varietates.)

502 1989 578 2022 63.
623 1987 866 2021 eetonia.

333 2041 425 2066 [ΛΤΒ.
445 2040 512 2066 Gen.
532 2040 620 2065 Crust.
639 2042 665 2064 et
683 2040 734 2064 1ns.
753 2041 812 2067 206.
849 2041 940 2065 FABR.
976 2039 1043 2063 DEJ.

269 2093 365 2123 Corpus
383 2098 519 2121 magnum,
538 2090 683 2120 robustum,
702 2089 870 2122 depressum,
888 2090 1061 2114 scutellatum.
1080 2088 1145 2119 Cly-

234 2134 297 2159 peus
316 2125 465 2158 quadratus.
503 2124 609 2148 Thorax
634 2123 812 2154 subtrigonns.
849 2122 939 2153 Elytra
964 2122 1018 2147 basi
1043 2122 1144 2153 latiora,

232 2159 345 2192 scapulis
364 2159 417 2183 sive
436 2158 531 2182 lamina
548 2157 673 2190 pectorali
692 2157 814 2189 utrinque
839 2160 993 2187 assurgente
1017 2156 1144 2186 suffultam

233 2193 350 2224 margine
368 2196 476 2216 externo
495 2192 578 2216 antice
597 2191 692 2216 exciso.
729 2192 851 2215 Sternum
877 2190 961 2215 antice
980 2190 1142 2223 productum.

235 2228 309 2253 Color
327 2226 480 2255 metallicus,
498 2225 602 2256 viridis,
621 2233 723 2255 aureus,
743 2224 843 2248 ardens.
865 2225 937 2247 ΜοΙιι
955 2224 1028 2257 valde
1047 2224 1143 2255 segnis,

233 2261 362 2286 interdum
380 2260 492 2284 breviter
510 2260 607 2283 volans.
644 2260 783 2290 Hospitium
808 2259 936 2282 larvarum
960 2258 986 2282 in
1006 2258 1076 2288 ligno
1095 2266 1143 2289 pu<

233 2298 361 2320 trescente
385 2297 410 2318 et
434 2293 461 2317 in
485 2292 651 2317 formicarum
674 2292 788 2322 acervis;
814 2292 955 2321 imaginum
981 2292 1007 2315 in
1027 2291 1143 2321 floribus,

233 2333 351 2361 tempore
369 2327 481 2355 aestivo;
509 2334 554 2359 per
573 2330 671 2358 partem
696 2326 844 2356 sylvaticam
869 2326 1028 2358 Lapponiae.
1064 2326 1144 2355 Di'n'e-
1166 2356 1167 2359 Ἴ

233 2364 314 2388 witin
337 2368 413 2386 semus
436 2364 543 2385 externe
567 2361 651 2383 nulla:
675 2368 757 2384 mares
780 2363 805 2384 et
832 2360 936 2390 feminae
954 2359 1098 2389 simillimi,
1117 2359 1142 2383 in

234 2397 328 2429 copula
345 2395 422 2428 capti.
460 2395 548 2427 (Spec.
568 2393 661 2418 Scand.
680 2394 711 2424 3;
732 2394 814 2418 Gelon.
833 2395 931 2418 seii-tica
953 2394 1083 2425 relegata,
1102 2393 1144 2418 vix

235 2430 343 2455 Sueciae
361 2429 468 2459 incola.)

235 2482 263 2504 1.
298 2481 332 2503 C.
351 2486 463 2504 aenea:
482 2486 561 2511 supra
584 2477 784 2507 viridi-aenea,
810 2478 899 2510 clypeo
924 2476 1144 2508 subemarginatO,

235 2512 324 2544 elytris
343 2512 549 2543 albo-strigosis
573 2511 684 2543 glabris,
709 2514 797 2535 sterno
822 2511 905 2535 antice
924 2511 1144 2543 tuberculiforme,

235 2547 326 2572 subtus
345 2547 421 2578 plano
440 2546 606 2578 punctulato,
624 2545 696 2579 apice
714 2548 841 2569 truncato.
862 2546 908 2576 3¹2.

272 2580 363 2604 Gur.
382 2580 433 2605 Ins.
453 2581 496 2604 Sv.
516 2580 538 2604 l.
558 2579 597 2604 50.
618 2580 642 2604 2.
662 2579 790 2604 Scubsu.
810 2579 872 2608 Syn.
892 2579 917 2602 3.
938 2579 996 2603 119.
1015 2579 1056 2604 33.
1076 2579 1143 2603 DEJ.

237 2614 321 2639 Catal.
341 2622 365 2645 p.
384 2613 425 2638 61.
456 2614 544 2638 ZETT.
564 2613 614 2639 Fn.
634 2613 717 2646 Lapp.
738 2612 844 2637 l.⁴·l73.
866 2612 889 2637 l.
918 2612 1000 2638 Ceron.
1020 2614 1145 2637 metallica

237 2648 329 2672 PArx.
349 2647 398 2671 Fn.
418 2647 442 2671 2.
461 2647 519 2671 203.
538 2647 562 2672 3.

271 2681 331 2705 Var.
350 2681 374 2705 b.
394 2687 473 2712 supra
490 2688 594 2712 cuprea.
613 2693 644 2698 —
671 2680 762 2705 Gru..
781 2682 808 2704 et
825 2679 953 2704 Seminu-
972 2680 989 2704 l.
1010 2688 1031 2704 c.
1046 2687 1099 2705 var.
1120 2680 1144 2704 b.

271 2714 338 2739 Hah.
358 2713 384 2738 in
402 2713 538 2745 Lapponia
562 2713 658 2738 boreali
682 2714 778 2746 passim
796 2713 895 2744 rarius3
914 2713 958 2737 sed
977 2713 1003 2737 in
1023 2713 1145 2737 meridio-

237 2748 304 2779 nali,
328 2756 369 2772 ex.
393 2754 431 2777 gr.
456 2746 488 2770 ad
507 2747 630 2777 Lycksele
648 2750 673 2771 et
691 2747 867 2778 Wilhelmina,
886 2747 910 2772 d.
931 2747 955 2772 3.
974 2747 1033 2772 Jun.
1054 2761 1084 2764 —
1105 2747 1144 2771 10.

237 2784 304 2813 Aug.
328 2781 477 2813 frequenter
500 2788 514 2804 a
539 2788 579 2804 me
603 2781 671 2811 visa,
695 2781 821 2814 usquein
846 2781 977 2812 regionem
996 2780 1144 2805 inferiorem

238 2815 386 2841 frondosam
405 2813 500 2846 alpium
519 2813 687 2844 Brattiksfjeu
699 2815 873 2844 adscendens;
893 2816 976 2839 larvas
1001 2814 1027 2838 in
1052 2813 1143 2838 formi-

237 2857 326 2875 carum
345 2847 441 2873 acervis
460 2855 548 2872 mense
565 2847 657 2878 sunio,
676 2847 802 2879 imagines
825 2848 966 2872 declaratas
991 2848 1017 2872 in
1036 2847 1143 2872 fioribus

238 2882 336 2908 Cardui
354 2889 435 2906 mens.
454 2882 520 2911 Aug.
545 2881 577 2905 ad
596 2881 779 2906 Muonioniska
796 2885 822 2906 et
840 2882 939 2913 Kengis
957 2882 1017 2907 vidi.
1036 2881 1143 2907 Scarab-

237 2917 387 2942 stercorario
404 2922 494 2948 parum
513 2914 630 2945 brevior,
648 2915 692 2938 sed
711 2915 859 2947 angustior,
877 2917 959 2940 multo
978 2915 1063 2940 minus
1081 2923 1144 2940 con-

239 2959 312 2975 vexa.
340 2948 561 2982 (Lapp.-Suecia
579 2948 662 2972 media
680 2948 744 2980 freq.
764 2950 839 2973 Scan.
859 2949 941 2982 pass.)

239 2994 269 3017 2.
305 2993 339 3017 (ἒ.
358 2993 483 3016 auram:
501 2998 580 3022 supra
597 2989 786 3021 viridi-aurea,
799 2991 882 3023 clypei
897 2991 970 3024 apice
987 2990 1144 3022 subreflexo‚
1165 3011 1166 3015 ,

1198 184 1374 216 einarginato,
1392 186 1482 217 elytris
1501 186 1706 217 albo-strigosis
1733 196 1809 220 parce
1832 188 1936 221 pilosis,
1954 191 2043 212 sterno
2061 196 2109 213 an-

1199 219 1248 244 tice
1266 219 1493 251 tuberculifornie,
1512 219 1585 252 apice
1602 221 1774 252 subgloboso,
1793 222 1949 247 laevissiino.
1986 223 2033 253 39.

1231 252 1322 278 Risu.
1343 253 1427 279 Eleut.
1445 254 1470 279 2.
1491 254 1547 278 137.
1566 254 1591 278 9.
1611 254 1702 278 Psz.
1716 255 1767 279 Fn.
1785 255 1827 279 41.
1847 255 1865 281 s.
1885 256 1916 280 15
1946 256 2037 280 Gur..
2058 256 2109 281 ins.

1198 287 1242 311 ἓν.
1262 287 1285 311 l.
1305 287 1346 311 51.
1365 287 1389 312 3.
1414 288 1543 312 Scuoxu.
1562 289 1624 317 Syn.
1643 288 1667 312 3.
1689 288 1744 313 117.
1764 289 1805 314 37.
1832 290 1897 314 Des.
1920 290 2002 314 Catal.
2025 299 2049 322 p.
2067 290 2110 315 61.

1197 321 1287 356 [Amr.
1306 321 1356 346 Fn.
1381 321 1463 354 Lapp.
1490 322 1512 346 1.
1540 321 1596 346 173.
1620 322 1644 345 2.
1664 323 1709 352 0⁷¹3.
1735 323 1824 347 Hane.
1851 323 1971 348 Mittheil.
1992 323 2065 348 1834.
2085 332 2110 356 p.

1198 355 1239 379 52.
1270 354 1308 384 (in
1332 355 1438 385 regione
1463 358 1585 379 montana
1614 355 1718 387 Alpium
1738 356 1930 382 Helveticorum
1961 365 2014 382 non
2045 358 2110 387 rar.)

1198 389 1358 412 Scnrnbnens
1376 393 1482 413 auratae
1501 389 1587 413 Lixx.
1606 389 1657 413 Fn.
1677 390 1721 414 ὃν.
1740 389 1798 415 ⁴00.

1233 422 1300 445 Hab.
1325 422 1352 446 in
1372 423 1508 455 Lapponia
1526 423 1658 447 rarissime
1674 430 1731 447 cum
1751 424 1929 457 praecedente,
1948 424 1990 450 cui
2009 424 2110 456 magni-

1199 455 1288 480 tudine
1306 456 1429 489 aequaliS.
1450 457 1687 489 (Laippum-Scan.
1707 457 1789 489 pass.)

1516 582 1591 615 64.
1635 582 1796 615 Trox-

1301 632 1393 667 LATJz.
1414 632 1480 657 Gen.
1500 632 1588 658 Crust.
1608 636 1633 658 et
1652 634 1702 659 Ins.
1723 635 1780 659 191.
1944 635 2009 660 DEJ.

1235 683 1335 714 Corpus
1359 683 1458 707 mediae
1488 684 1527 707 vel
1552 684 1658 708 minoris
1678 684 1881 715 magnitudinis,
1906 689 2026 716 ovatum,
2056 694 2113 711 sca-

1816 634 1908 659 Fun.

234 733 328 758 versim
347 730 451 765 positis,
469 728 592 753 exteriori
616 727 707 758 majori
725 726 944 757 subtriangulari,
962 726 1081 751 inteflori
1102 726 1147 757 (ad
1169 726 1170 754 J
1200 717 1288 748 bruni,
1307 725 1385 749 supra
1403 717 1477 741 valde
1495 725 1654 748 convexum,
1681 720 1862 749 scutellatuiu,
1886 719 1979 743 subtus
1998 721 2112 752 planum.

1201 750 1314 783 Clypeus
1333 751 1510 776 brevissimus.
1535 754 1671 776 Antennae
1696 753 1784 776 breves
1808 752 1917 777 articulo
1937 753 2040 778 basilari
2059 762 2114 778 ma-

1200 793 1251 815 gno
1270 785 1353 815 rigule
1371 784 1538 817 pilosissirno,
1576 786 1650 810 Color
1667 786 1797 816 nigricans
1815 794 1912 819 opacus
1931 787 2027 817 aridus,
2047 795 2114 812 nun-

1200 827 1276 851 quam
1296 819 1370 843 vivax
1390 822 1434 843 aut
1453 820 1606 843 maculatus.
1634 821 1718 843 Motus
1736 820 1834 845 tardus.
1861 821 1993 846 flammei„
2012 821 2038 845 in
2057 829 2115 845 are-

1201 853 1271 876 nosis
1290 853 1368 877 aridis
1390 853 1455 883 (non
1474 853 1500 877 in
1518 853 1693 884 stercoratis),
1708 857 1824 887 tempore
1841 854 1993 886 praesertim
2007 855 2115 885 vernaliq

1201 895 1246 919 per
1264 890 1363 919 partem
1382 886 1531 917 sylvaticam
1552 887 1711 919 Lapponiae.
1747 888 1896 918 Dill'ereutin
1914 897 1991 913 staurus
2009 893 2116 914 externe

1201 921 1279 946 nulla.
1319 922 1408 953 (Spec.
1428 921 1522 946 scand.
1542 921 1580 951 3.)

1202 973 1227 995 Ι.
1264 975 1317 995 Τι’.
1343 973 1522 996 sabulos-is:
1550 971 1638 1002 niger,
1668 971 1757 1002 elytris
1781 972 1944 1002 substriatis,
1968 973 2115 998 interstitiis

1200 1005 1306 1029 alternis
1325 1005 1507 1029 elevatioribus
1532 1005 1829 1037 fasciculam-hispidis.
1849 1008 1896 1038 32.

1234 1039 1325 1064 wa.
1344 1039 1430 1063 Eleut.
1451 1039 1474 1063 l.
1495 1039 1551 1064 llo.
1571 1039 1595 1064 3.
1615 1039 1706 1064 vat.
1726 1039 1776 1064 Fn.
1791 1040 1814 1065 7.
1829 1039 1846 1065 f.
1862 1041 1883 1065 l.
1903 1041 2032 1065 Scuoxn.
2051 1042 2114 1072 Syn.

1201 1074 1223 1098 l.
1244 1073 1301 1098 117.
1321 1072 1345 1098 4.
1366 1073 1457 1098 Gru..
1473 1073 1524 1098 ins.
1544 1075 1588 1098 Sv.
1610 1073 1686 1098 1.10.
1703 1073 1724 1097 1.
1746 1074 1812 1099 DEJ.
1827 1073 1911 1100 Catal.
1926 1083 1950 1107 p.
1964 1075 2005 1099 56.
2024 1075 2114 1099 ZE'r’r.

1200 1107 1249 1131 Fn.
1270 1107 1352 1139 Lapp.
1379 1107 1403 1132 l.
1424 1106 1480 1132 174.
1502 1107 1525 1132 1.
1545 1108 1592 1138 [ἓ.
1629 1107 1790 1131 Scarnbneus
1807 1108 1939 1132 sulmlosus
1958 1109 2044 1134 Lms.
2064 1109 2115 1133 Fn.

1199 1142 1242 1166 Sv.
1262 1140 1321 1166 390.

1233 1175 1300 1199 Hab.
1320 1174 1346 1198 in
1362 1175 1499 1207 Lapponia
1516 1175 1679 1199 meridionali
1699 1183 1744 1207 per
1758 1178 1856 1208 partem
1876 1175 1991 1200 infimam
2011 1176 2116 1205 rariss.;

1199 1209 1230 1232 ab
1261 1208 1362 1241 alpibus
1393 1208 1499 1233 omnino
1530 1210 1613 1234 exsul.
1659 1209 1817 1240 Chrysmneta
1841 1210 2002 1241 staphylaeae
2025 1218 2115 1243 parum

1199 1242 1290 1273 major.
1329 1242 1521 1275 (Lapp.-Scan.
1540 1243 1621 1275 pass.)

1395 1367 1471 1401 65.
1516 1367 1921 1402 Psammodius.

1284 1419 1375 1444 Gur.
1397 1420 1449 1444 Ins.
1476 1420 1519 1444 Sv.
1541 1419 1564 1444 1.
1584 1428 1609 1452 p.
1628 1419 1653 1444 6.
1690 1419 1758 1445 Das.
1794 1420 1921 1451 Aphodius
1939 1421 2030 1445 me.

1237 1470 1334 1502 Corpus
1352 1478 1458 1502 parvum
1478 1470 1736 1501 oblongo-ovatum,
1756 1470 1870 1503 undique
1888 1478 2041 1503 convexum,
2060 1472 2116 1502 gla-

1200 1504 1288 1535 brum,
1307 1505 1481 1529 scutellatum.
1519 1504 1632 1536 Clypeus
1653 1503 1736 1528 brevis
1762 1505 1828 1528 latus
1849 1508 2027 1536 transversus,
2052 1514 2115 1530 con-

1199 1546 1296 1569 vexus,
1321 1546 1372 1562 non
1400 1538 1586 1562 tuberculatus.
1628 1538 1765 1562 Antennae
1796 1538 1901 1569 breves,
1934 1540 2005 1563 clava
2030 1543 2115 1565 ovata.

1201 1573 1275 1596 Color
1298 1572 1387 1602 niger,
1413 1572 1511 1604 piceus.
1550 1573 1635 1595 Motus
1660 1571 1758 1597 tarduS.
1794 1572 1926 1597 Habitari«)
1951 1572 1975 1597 in
2002 1576 2116 1598 stercore

1198 1609 1224 1630 et
1242 1606 1289 1630 sub
1309 1605 1455 1638 lapidibus,
1475 1605 1537 1630 locis
1557 1605 1701 1637 sabulosis,
1726 1613 1804 1638 saepe
1822 1606 1847 1630 in
1868 1606 1998 1631 vicinitate
2016 1615 2115 1639 aquae;

1199 1648 1244 1672 per
1263 1644 1361 1673 partem
1380 1639 1530 1670 sylvaticum
1549 1643 1575 1663 et
1593 1639 1773 1672 iuferalpinam
1794 1640 1953 1672 Lapponiae.
1989 1641 2115 1671 Disseren-

1201 1675 1235 1698 {ia
1253 1682 1330 1698 semus
1349 1677 1457 1698 externe
1477 1681 1528 1698 non
1548 1673 1694 1699 manilesta.
1724 1674 1812 1706 (Spec.
1828 1674 1923 1698 Scand.
1943 1675 1972 1706 7,
1991 1674 2017 1699 in
2035 1675 2114 1699 sabu-

1199 1707 1256 1732 letis
1276 1707 1387 1732 Scaniae
1405 1712 1431 1732 et
1449 1707 1605 1732 Hallandiae
1623 1708 1762 1740 pleraeque
1780 1707 1928 1739 degentes.)

1200 1761 1225 1782 1.
1260 1761 1315 1783 Pe.
1336 1760 1491 1782 sabuleti:
1512 1757 1709 1790 nigro-piceus,
1728 1759 1817 1790 clypeo
1836 1757 1938 1788 integro
1957 1758 2115 1792 thoraceque

1198 1793 1287 1817 crebre
1306 1792 1436 1825 punctatis
1450 1811 1456 1823 ‚
1474 1792 1563 1822 elytris
1582 1791 1710 1824 profunde
1728 1792 1978 1824 punctato-striatiS.
1998 1796 2044 1824 ‹3¹1¹-

1233 1826 1324 1851 Gur.
1345 1827 1396 1851 Ins,
1421 1827 1465 1851 ὃν,
1491 1826 1514 1850 1.
1533 1826 1557 1851 7,
1576 1826 1601 1850 3.
1636 1826 1703 1850 DssJ.
1724 1825 1808 1850 Catal.
1830 1835 1853 1857 p.
1873 1826 1914 1850 55.
1951 1826 2042 1851 Zssrr.
2063 1827 2112 1852 Fn.

1199 1861 1280 1893 Lapp.
1296 1860 1319 1884 l.
1339 1860 1397 1885 174.
1418 1861 1440 1884 l.
1461 1862 1507 1891 ᾆξ’.
1543 1859 1670 1890 Aphodins
1688 1859 1801 1883 Sabinou·
1818 1859 1910 1885 Fxssn.
1931 1860 2018 1885 Eleut.
2033 1861 2057 1885 l.
2071 1861 2113 1885 31.

1198 1894 1239 1919 56.
1260 1894 1388 1919 Scribam
1409 1895 1471 1924 Syn.
1494 1894 1514 1917 1.
1536 1893 1577 1917 56.
1597 1893 1638 1919 75.

1233 1928 1293 1952 Var.
1313 1927 1337 1952 b.
1357 1931 1427 1952 totus
1447 1926 1626 1957 ferrugineus,
1645 1935 1728 1959 nuper
1746 1928 1876 1952 exclusus.

1232 1962 1299 1986 Hab.
1318 1961 1345 1985 in
1363 1966 1478 1985 stercore
1502 1964 1527 1984 et
1554 1961 1602 1984 sub
1621 1960 1748 1993 lapidibus
1767 1961 1799 1984 ad
1824 1961 1893 1993 ripas
1911 1961 2049 1986 (luminum
2068 1970 2115 1994 per

1199 1999 1297 2027 partem
1312 1995 1462 2026 sylvaticum
1478 1994 1630 2027 Lapponiae
1644 1995 1789 2019 'l'ornensis
1808 1998 1848 2019 sat
1866 1994 1997 2027 frequens,
2016 1996 2114 2020 Umen-

1198 2029 1233 2053 sis
1252 2029 1283 2053 ad
1303 2029 1428 2060 Lycksele
1447 2032 1495 2053 etc.
1516 2028 1626 2060 passim;
1646 2037 1727 2053 mens.
1747 2028 1810 2059 Maj.
1825 2043 1857 2045 —
1871 2029 1959 2054 Junio.
1980 2029 2007 2053 ln
2026 2030 2113 2054 Nord-

1198 2063 1299 2087 landiae
1323 2062 1484 2095 inferalpinis
1509 2062 1665 2086 littoralibus
1695 2070 1776 2086 mens.
1807 2062 1876 2087 Julio
1901 2063 1932 2087 ad
1958 2063 2060 2087 Evena's
2087 2067 2113 2088 et

1198 2097 1322 2127 Bjorkvik
1341 2104 1445 2129 quoque
1463 2096 1598 2127 inventus,
1622 2099 1649 2120 at
1666 2096 1693 2120 in
1712 2096 1774 2128 ipsis
1793 2096 1894 2128 alpibus
1918 2096 2013 2121 frustra
2032 2105 2112 2129 quae-

1197 2130 1272 2156 ritur.
1292 2130 1481 2156 Scandinaviae
1499 2129 1604 2162 propria
1622 2130 1799 2162 species,nam
1819 2130 1844 2154 in
1864 2129 1970 2159 regione
1988 2134 2113 2155 montana

1196 2165 1292 2197 alpium
1318 2163 1566 2194 Suessiouensium,
1585 2172 1626 2188 ex.
1646 2172 1685 2194 gr.
1706 2163 1731 2187 in
1758 2164 1823 2188 Matt
1848 2171 1862 2187 a
1888 2163 1944 2188 Col.
1971 2164 2003 2189 Ο.
2030 2165 2111 2189 HEER

1197 2199 1263 2223 1834
1281 2200 1355 2224 lecta.
1403 2198 1463 2222 Var.
1489 2198 1513 2222 b.
1542 2197 1573 2221 ad
1594 2205 1687 2230 pagum
1708 2197 1801 2221 Kardis
1827 2197 1951 2221 Tornoae
1969 2198 2111 2230 superioris

1197 2232 1221 2258 d.
1240 2233 1264 2256 6.
1282 2233 1342 2258 Jun.
1362 2240 1377 2256 a
1395 2240 1436 2256 me
1455 2232 1528 2256 lecta.
1566 2231 1770 2261 {Lapp.-Scan.
1790 2238 1840 2255 rar.
1860 2231 1944 2263 pass.)

1229 2267 1351 2298 Aphodio
1368 2265 1583 2289 haemon-haidau
1599 2267 1671 2293 paullo
1691 2268 1775 2292 minor,
1799 2267 1924 2291 angustior,
1949 2268 2076 2290 couvexior.

1412 2398 1488 2432 66.
1533 2396 1896 2432 scarabaeus.

1196 2451 1286 2475 FABR.
1306 2450 1374 2480 Syst.
1388 2450 1473 2474 Eleut.
1487 2450 1511 2473 3.
1531 2449 1622 2474 GxLL.
1642 2448 1770 2473 Sentitur.
1791 2449 1928 2481 Geotrupes
1937 2449 2107 2475 LarmDrzs.

1233 2502 1328 2532 Corpus
1346 2508 1483 2531 magnum,
1507 2499 1758 2529 orbiculato-ovale,
1782 2499 1856 2523 valde
1874 2507 2033 2530 convexum,
2051 2501 2108 2530 gla-

1197 2535 1270 2559 brum
1295 2535 1470 2559 scutellatum.
1491 2533 1604 2566 Clypeus
1623 2541 1727 2565 parvus,
1745 2534 1894 2564 angulatus,
1912 2533 2109 2565 subdepressus,

1199 2569 1238 2599 (in
1258 2568 1365 2597 nostris)
1386 2567 1501 2592 inermiS.
1537 2569 1673 2591 Antennae
1690 2567 1761 2590 clava
1780 2571 1863 2592 ovata.
1902 2566 2008 2591 Thorax
2027 2567 2108 2591 abdo-

1198 2602 1266 2626 mine
1284 2602 1397 2633 brevior,
1416 2602 1500 2626 antice
1519 2600 1614 2625 sensim
1633 2600 1778 2630 angustior.
1799 2601 1873 2625 Color
1885 2600 1968 2631 niger,
1986 2600 2012 2624 in
2025 2601 2107 2626 viola-

1197 2644 1269 2660 ceum
1294 2637 1309 2660 1.
1334 2644 1460 2666 cyaneum
1478 2642 1555 2667 saepe
1580 2641 1696 2665 vergens
1732 2635 1818 2658 Murus
1842 2635 1944 2664 tardus,
1969 2634 2106 2665 laborans3

1197 2673 1350 2702 tempestate
1373 2677 1465 2694 serena
1488 2670 1598 2693 volatus.
1635 2667 1766 2692 nubilatio
1790 2668 1817 2692 in
1841 2672 1968 2692 stercore:
1992 2667 2018 2691 in
2037 2672 2107 2693 terra

1196 2704 1329 2728 cuniculos
1348 2702 1474 2728 fodientes
1496 2701 1574 2726 vitam
1594 2709 1666 2725 suam
1687 2701 1829 2732 longiorem
1848 2701 1945 2732 degunt
1968 2704 1994 2725 et
2019 2702 2107 2727 larvae

1196 2741 1221 2761 et
1240 2737 1374 2767 imagines.
1388 2735 1584 2769 coprophagae3
1603 2743 1648 2767 per
1665 2739 1763 2768 partem
1782 2735 1930 2766 sylvaticam
1944 2734 2105 2768 Lapponiae.

1196 2771 1345 2801 Di'lff'erenlia
1362 2778 1437 2795 semus
1455 2769 1481 2793 in
1500 2772 1631 2793 armatura
1648 2769 1743 2801 pedum
1761 2768 1916 2801 quaerenda.
1937 2769 1996 2801 (Sp.
2009 2770 2104 2794 Scand.

1195 2805 1226 2835 ὃς
1245 2806 1335 2837 clypeo
1353 2806 1452 2828 armato
1471 2802 1622 2834 instructae,
1641 2802 1750 2827 Sueciae
1774 2801 1893 2826 australis
1912 2801 2035 2834 incolae.)

1196 2857 1222 2878 1.
1258 2857 1306 2879 Sc.
1326 2854 1550 2879 stercorarius:
1570 2853 1681 2877 breviter
1703 2851 1783 2876 ovalis
1802 2851 1890 2882 niger,
1913 2852 2004 2877 subtus
2022 2853 2105 2878 viola-

1195 2896 1264 2918 ceus,
1276 2888 1381 2912 thorace
1394 2886 1468 2917 laevi,
1486 2887 1574 2917 elytris
1584 2885 1747 2915 suhsulcatis‚
1761 2885 1908 2910 interstitiis
1927 2886 2103 2919 laevibuS.39.

1229 2924 1307 2945 Mas:
1324 2924 1391 2944 tibiae
1409 2924 1494 2943 autieae
1517 2924 1579 2950 apice
1597 2929 1671 2949 parum
1690 2922 1787 2946 latiores,
1805 2921 1873 2941 latere
1895 2923 1979 2942 interno
2003 2923 2104 2943 dentibus

1229 2959 1305 2984 paucis
1323 2957 1406 2984 parvis,
1425 2963 1465 2976 uuo
1485 2963 1562 2985 versus
1581 2957 1665 2983 apicem
1683 2955 1786 2975 distincto
1805 2955 1878 2975 valido
1897 2955 1998 2980 elongato
2017 2960 2103 2985 εἰκαῖος

1229 2991 1312 3012 femora
1329 2990 1416 3017 postica
1434 2997 1511 3010 versus
1530 2990 1592 3011 basin
1611 2989 1711 3010 dentibus
1729 2989 1814 3009 duobus
1832 2989 1951 3010 distinctis·
