2194 3208
207 93 249 125 35

240 193 331 218 Gur..
350 193 401 216 Ins.
420 191 464 216 Sv.
482 191 508 216 2.
526 190 584 216 141.
603 190 645 215 50.
663 191 754 215 ΖΕττ.
772 190 822 214 Fn.
842 189 925 221 Lapp.
944 189 967 212 1.
986 188 1029 213 22.
1047 189 1072 213 9.

239 227 300 251 Var.
319 227 343 250 b.
363 229 393 257 g.
411 233 490 257 supra
508 225 617 249 obscure
635 224 777 254 virescens,
797 223 865 247 tibiis
884 221 972 255 piceis.

238 261 305 285 Hah.
325 259 372 283 sub
391 259 528 291 lapidibus,
546 258 572 283 in
587 258 723 291 Lapponia
741 257 845 290 passim,
864 256 889 280 in
902 255 1030 286 adjacenti
1048 256 1112 280 Rot-

206 293 248 318 nia
266 292 372 323 boreali,
391 300 432 317 ex.
456 300 495 323 gr.
513 292 544 317 ad
564 291 720 325 Haparanda
738 295 764 315 et
786 287 973 315 OfverTornea
989 289 1112 322 frequen-
1135 311 1136 317 ,

1134 323 1136 339 v'
1164 322 1223 346 kiae
1241 326 1377 346 maritimis
1402 322 1471 346 hunc
1494 330 1545 346 non
1573 322 1716 347 observavi.

205 327 269 358 tius,
287 334 369 351 menS.
387 326 586 358 Majo—-Julio,
607 325 806 358 (Lapp.-Scan.
826 324 911 356 pass.)

204 371 247 393 11.
282 372 323 392 11.
340 370 493 400 vulgaris:
525 369 757 399 oblongo-ovatus
781 365 869 396 niger,
896 365 1015 390 antennis
1040 365 1113 398 pedi-

204 403 302 435 busque
320 402 514 433 concoloribus,
533 410 611 435 supra
629 400 898 431 virescenti-aeneus,
917 399 1021 424 thorace
1040 400 1113 424 inae-

202 437 286 468 quali,
310 436 409 469 postice
427 436 548 468 utrinque
567 435 674 460 foveolis
693 434 792 458 duabus
811 434 956 464 angustatis
981 433 1112 458 sublaevi-

202 470 259 495 bus.
282 472 329 502 ἐξ.
352 471 448 501 (Long.
462 471 495 501 2}
513 469 573 500 lin.)

234 505 314 528 Mas:
333 507 402 532 elytra
424 507 517 526 tenuiter
540 504 798 533 punctam-substante,
822 504 948 524 interstitiis
972 504 1043 530 planis
1063 503 1113 523 sub-
1135 511 1136 520 π

234 540 334 560 laevibus
357 541 439 560 nitidis.

234 573 317 596 Fenn.:
337 574 407 599 elytra
423 575 517 594 tenuiter
534 572 793 599 1·u11ctato-suhsn·iata‚
811 572 938 592 interstitiis
957 571 1113 594 subconvexis,
1135 582 1137 591 ι

234 608 381 628 subtilissime
406 608 538 634 puuctulatis
562 607 609 626 sive
633 607 755 630 coriaceis,
778 607 850 626 minus
875 606 962 631 nitidis3
986 606 1113 632 plerumque

234 642 301 662 etiam
321 643 398 666 major.

234 673 296 699 Var.
315 680 338 698 a.
358 675 404 705 (3¹2.
428 680 507 704 supra
524 670 802 701 virescenti-aeneum
821 670 991 703 frequentior.

236 706 327 732 Gru..
346 707 398 731 Ins.
417 707 460 731 Sv.
480 707 503 730 2.
519 705 576 729 133.
589 705 630 729 43.
650 705 741 730 ΖΕΤΤ.
760 705 810 729 Fn.
831 705 913 737 Lapp.
934 705 958 730 1.
972 705 1013 729 22.
1034 704 1074 728 10.
1088 711 1111 728 a.

204 740 296 765 carah.
309 741 426 771 viduaris.
441 740 527 764 LrNN.
537 739 586 764 Fn.
601 740 645 764 Sv.
658 739 716 764 799.
727 739 817 764 FABR.
837 739 922 764 Eleut.
940 739 963 763 1.
978 738 1034 763 195.
1054 738 1112 763 137.

201 774 331 799 Scniisn.
350 775 412 804 Syn.
432 774 456 798 1.
475 773 533 798 201.
554 773 611 798 188.
629 773 726 797 Amara
737 774 847 804 vnlyaris
866 773 931 798 DEJ.
948 772 1032 796 Catal.
1047 781 1073 805 p.
1087 772 1113 795 9.

235 808 296 833 Var.
316 808 339 833 b.
360 810 406 839 [32.
430 816 509 839 supra.
526 814 647 839 cupreus,

235 841 326 866 Gur.
352 842 367 866 l.
387 849 408 865 c.
434 849 486 865 var.
507 841 531 866 b.
567 841 658 866 ΖΕττ.
677 840 728 865 Fn.
746 841 763 866 l.
784 848 806 865 c.
826 840 851 865 b.

201 875 293 900 PANz.
313 875 363 900 Fn.
382 875 422 899 40.
442 874 459 900 f.
480 875 503 900 l.

235 909 296 934 Var.
316 917 338 934 c.
360 911 384 937 ῼ.
410 916 489 941 supra
505 907 604 932 viridis.

236 942 326 967 Gur.
346 943 362 967 l.
382 950 403 967 e.
423 950 476 967 var.
496 950 518 967 c.
537 943 628 967 ZETT.
647 941 697 967 Fn.
717 942 734 966 l.
754 949 775 967 c.
795 949 850 967 var.
870 949 892 967 e.

235 976 295 1001 Var.
314 976 338 1001 d.
357 978 404 1008 gffi.
430 984 508 1008 supra
532 976 663 1007 nigricans
687 976 727 1000 vel
751 975 887 1000 violaceo-
911 978 956 1000 aut
981 975 1113 999 caeruleo-

201 1010 283 1041 niger.
302 1023 334 1027 —
352 1011 442 1035 ΖΕΤΤ.
462 1011 512 1035 Fn.
531 1011 548 1035 Ι.
568 1018 589 1035 e.
608 1018 662 1035 var.
683 1010 707 1035 d.

234 1044 295 1068 Var.
315 1051 337 1068 e.
356 1052 434 1076 supra
452 1052 680 1077 cupreo-aeneus.
708 1044 816 1068 Smne.
836 1044 888 1067 Ins.
907 1043 991 1068 Fenn.
1010 1052 1035 1075 p.
1054 1042 1113 1067 244.

890 840 983 865 Garnb.
1002 840 1114 871 vulgaris

234 1077 301 1103 Hab.
321 1078 369 1102 sub
387 1078 525 1110 lapidibus,
544 1078 592 1102 sub
610 1078 681 1108 ligno
695 1077 762 1102 sicco
781 1081 807 1101 et
825 1077 851 1101 in
870 1081 947 1107 terra,
966 1085 1014 1109 per
1032 1080 1113 1100 totam
1136 1087 1137 1100 2

201 1111 364 1144 Lapponiam
383 1112 533 1142 sylvaticum
558 1120 639 1136 mens.
658 1112 718 1136 Jun.
743 1112 795 1136 Jul.
814 1111 1019 1142 vulgatissimus,
1039 1118 1113 1143 prae-

201 1145 290 1170 sertim
309 1144 421 1169 feminae
440 1145 597 1178 frequentes.
634 1145 730 1170 Versus
749 1146 820 1178 alpes
845 1153 895 1169 non
916 1145 1017 1175 longius
1037 1152 1114 1177 quam

201 1179 234 1203 ad
256 1182 410 1203 cataractam
434 1179 606 1207 Wackoltoski
631 1179 689 1209 (ubi
720 1179 845 1203 terminus
877 1179 988 1207 Abietis)
1017 1182 1042 1202 et
1060 1179 1114 1202 Ka-

202 1212 330 1237 resuando
349 1213 500 1245 Lapponiae
518 1213 678 1244 Tornensis,
702 1216 781 1245 atque
799 1213 830 1237 ad
849 1213 978 1237 Umenaes
997 1213 1114 1245 Lappou.

201 1246 337 1277 Umensis,
356 1247 537 1279 procedentem
556 1246 705 1278 observavi,
724 1255 771 1271 nec
789 1247 814 1271 in
834 1247 995 1279 inferalpiuis
1014 1245 1115 1270 mariti-

202 1280 251 1305 mis
275 1280 452 1305 Nordlandiae
483 1285 508 1305 et
532 1281 700 1305 Fimuarkiae
724 1289 783 1305 eum
810 1289 923 1313 unquam
948 1279 1114 1313 deprehendi.

202 1314 406 1347 (Lapp.-Scan.
426 1315 508 1347 pass.)

235 1350 320 1379 Hurp.
339 1349 450 1372 similata
473 1352 564 1371 dimidio
588 1352 674 1375 minor,
701 1352 850 1376 magnitudine
869 1351 913 1371 fere
932 1351 997 1371 trium
1016 1351 1116 1377 proxime

236 1385 420 1411 praecedentium.

203 1424 250 1447 12.
286 1426 326 1447 11.
345 1426 527 1453 despectus:
547 1424 778 1455 oblongo-ovatus
799 1424 882 1455 niger,
900 1432 979 1457 supra
998 1423 1116 1448 nonnihil

203 1457 429 1489 aeneo-micans,
449 1462 621 1482 antennarum
641 1458 704 1489 basi,
724 1458 793 1482 tibiis
809 1458 937 1490 tarsisque
956 1458 1116 1482 rufo-ferru-

202 1490 295 1522 gineis,
309 1490 413 1516 thorace
431 1492 570 1525 iuaequali,
585 1492 682 1525 postice
699 1492 808 1517 foveolis
822 1492 944 1524 utrinque
959 1493 975 1516 2
986 1492 1116 1516 subbrevi<

203 1525 250 1549 bus
264 1524 484 1557 profundioribus,
503 1526 619 1557 margine
633 1534 735 1551 summo
753 1526 1002 1559 piceo-ferrugineo.
1019 1526 1116 1557 (Long.

202 1559 236 1591 23
254 1559 312 1590 lin.)

237 1593 344 1617 SAi-itss.
366 1594 417 1619 Ins.
436 1594 520 1618 Fenn.
539 1593 598 1619 245.
617 1593 658 1619 49.

239 1626 307 1651 Hab.
337 1627 364 1651 in
396 1627 532 1660 Lapponia
558 1627 701 1658 (boream,
726 1628 760 1653 D.
784 1627 965 1659 Kots‘rniitu,
991 1630 1057 1652 teste
1083 1627 1115 1652 D.

204 1662 358 1685 SAHLBERG
384 1662 401 1686 l.
426 1670 464 1692 α,
489 1661 551 1685 mihi
576 1662 602 1686 in
625 1662 761 1694 Lapponia
784 1670 836 1686 non
855 1662 946 1686 obvius
968 1661 1118 1694 (Lapponia

204 1694 340 1725 borealis).

238 1728 298 1753 Var.
327 1728 351 1754 b.
377 1728 496 1752 antennis
524 1729 684 1762 pedibusque
707 1729 768 1754 totis
793 1728 1045 1760 rufo-ferrugineis.

204 1761 342 1794 Lapponia
361 1762 392 1787 D.
412 1763 581 1788 SAnLBERG.

204 1806 252 1828 13.
287 1807 328 1827 11.
348 1806 529 1829 cnunnunis:
550 1804 643 1835 brevis,
656 1805 746 1835 ovalis,
765 1805 873 1830 obtusus
888 1805 969 1835 niger,
983 1813 1061 1837 supra
1073 1812 1117 1828 ae-

205 1846 269 1861 neus
288 1839 327 1862 vel
343 1839 534 1870 caerulescens‚
554 1842 725 1863 antennarum
745 1839 799 1863 basi
819 1839 940 1872 tibiisque
953 1839 1118 1868 feiruuineis,

205 1871 309 1896 thorace
327 1873 380 1896 lato
406 1872 521 1904 aequali,
547 1873 646 1905 postice
669 1873 886 1905 subpunotulato,
911 1873 953 1897 vix
978 1872 1117 1902 foreolato,

204 1905 293 1936 elytris
312 1905 426 1930 tenuiter
450 1906 562 1938 striatis,
589 1906 660 1931 striis
687 1907 878 1931 obsoletissime
902 1907 1043 1936 punctatis.
1070 1911 1116 1939 3¹..

208 1939 297 1969 (Long
324 1940 356 1970 2}
376 1939 435 1966 lin.)

241 1972 331 1998 GrLL.
353 1974 402 1998 lns.
422 1974 465 1999 Sv.
490 1974 514 1999 3.
536 1974 591 1999 141.
612 1974 652 1998 51.
672 1982 687 1998 a
705 1977 731 1999 et
750 1974 773 1999 b.
809 1975 900 1999 ZETT.
920 1975 969 1999 Fn.
990 1974 1072 2007 Lapp.
1094 1974 1116 1998 1.

206 2006 247 2031 23.
268 2007 308 2031 ll.
331 2007 422 2031 varab.
441 2010 574 2032 communis
592 2008 682 2033 FAnn.
702 2009 788 2033 Eleut.
810 2009 832 2033 l.
854 2009 910 2033 195.
932 2009 988 2033 133.
1027 2009 1116 2032 PANZ.

206 2039 256 2065 Fn.
275 2040 316 2065 40.
337 2040 353 2066 f.
372 2042 397 2066 2.
423 2042 552 2066 sentim.
572 2043 634 2072 Syn.
655 2043 678 2067 l.
697 2042 756 2067 201.
776 2042 834 2067 159.
869 2043 966 2066 Amara
985 2044 1118 2067 communis

206 2073 271 2098 DEJ.
292 2073 373 2098 Catal.
395 2084 420 2107 p.
439 2076 463 2100 9.

240 2107 307 2132 Hab.
323 2107 348 2131 in
364 2108 498 2140 Lapponia
517 2109 648 2135 testantib.
664 2109 720 2134 DD.
734 2109 877 2134 FrerELro
892 2113 917 2134 et
930 2110 1118 2140 Scniisrnznn,

207 2143 235 2165 ut
258 2144 284 2165 et
310 2141 417 2167 Collect.
444 2143 475 2167 l).
495 2143 622 2173 Peren&
649 2143 710 2167 mihi
730 2152 790 2167 vero
816 2147 916 2168 tantum
936 2144 961 2168 in
981 2144 1116 2177 Lapponin

207 2175 314 2199 Umensi
332 2175 363 2199 ad
382 2176 566 2201 Badstutraesk
586 2177 627 2201 die
645 2177 686 2202 30.
705 2177 764 2202 Jun.
779 2177 854 2210 freq.,
873 2177 917 2201 sed
937 2186 988 2202 non
1007 2178 1033 2202 in
1048 2179 1117 2203 Nor-

207 2208 296 2239 vegica
315 2209 414 2234 obvius.
437 2210 635 2242 (Lapp.<scaii.
656 2211 735 2243 freq.)

242 2242 301 2268 Var.
320 2243 345 2268 b.
365 2243 472 2275 bedibus
491 2245 553 2268 ruiis
573 2259 601 2262 —
622 2245 652 2269 ad
668 2245 793 2275 Lycksele
810 2244 892 2277 freq.;
911 2245 987 2269 etiam
1007 2245 1033 2269 in
1048 2245 1117 2277 Lap-

207 2276 285 2308 ponia
304 2276 435 2301 Tornensi
455 2285 468 2301 a
488 2278 519 2302 D.
540 2278 681 2303 Fnionmo
702 2279 809 2310 invent.;
828 2282 867 2303 est
884 2278 952 2304 forte
971 2281 1056 2311 Hui-p.
1075 2281 1117 2311 fu-

206 2311 313 2334 wiliaris
331 2310 422 2336 GYLL.
442 2312 493 2337 Ins,
513 2312 556 2336 Sv.
575 2312 599 2337 4.
618 2314 684 2345 App.
704 2313 762 2337 4⁴5).

241 2345 313 2366 Priori
332 2347 403 2373 paullo
423 2347 521 2372 brevior,
542 2355 583 2367 nou
603 2349 680 2373 latior,
700 2349 778 2369 ortilis.

1088 1729 1116 1753 In

170 2415 174 2418 .
209 2388 255 2409 14.
291 2389 331 2411 11.
357 2389 522 2415 Quenseli:
550 2390 657 2418 ovatus,
679 2387 947 2421 ferrugineo—piceus
973 2389 1012 2413 vel
1036 2388 1117 2413 vires-

209 2419 413 2451 centi-aeneus,
432 2429 511 2453 supra
534 2429 635 2453 semper
653 2422 874 2453 aeneo-micans,
898 2423 1019 2447 antennis
1043 2423 1117 2455 pedi-

209 2453 309 2484 busque
327 2454 545 2485 rufo-testaceis,
571 2455 675 2479 thorace
693 2455 823 2488 inaequali
841 2456 912 2481 disco
930 2465 1060 2488 convexo,
1080 2458 1117 2481 la-

209 2486 306 2510 teribus
324 2487 615 2521 depressmexplanato,
634 2489 733 2521 postice
751 2493 874 2522 punctato
892 2494 918 2515 et
937 2491 1059 2523 utrinque
1078 2491 1116 2515 bi-

209 2519 327 2550 foveato,
356 2522 444 2551 elytris
469 2523 580 2547 tenuiter
602 2524 900 2555 subpunctato-striatis.
935 2527 982 2557 [ΓΞ.
1020 2525 1116 2556 (Long.

208 2554 307 2585 23-33,
326 2554 386 2583 lin.)

244 2588 304 2612 Var.
323 2596 346 2613 a.
369 2589 463 2620 (qualis
488 2589 696 2622 frequentissime
720 2590 846 2615 occur-riti
871 2593 918 2623 (32.
942 2591 1116 2624 piceo-ferru-

209 2621 313 2652 gineus,
339 2625 441 2653 pectore
465 2623 653 2656 abdomineque
676 2624 885 2656 obscurioribus,
904 2626 1023 2650 antennis
1042 2626 1116 2659 pedi-

208 2655 308 2687 busque
326 2655 454 2680 testaceis.

244 2688 335 2714 GYLL.
354 2689 405 2714 Ins.
425 2690 468 2714 Sv.
487 2690 511 2713 2.
531 2689 588 2715 134.
606 2691 647 2716 44.
666 2692 756 2717 ΖΕττ.
775 2691 826 2717 Fn.
845 2692 928 2725 Lapp.
944 2693 967 2718 l.
980 2693 1021 2719 24.
1037 2694 1077 2719 12.
1092 2702 1116 2720 a.

210 2722 325 2747 Curribus
342 2723 455 2752 Qnenseli
471 2723 601 2749 Scabra.
619 2726 682 2755 Syn.
701 2726 724 2751 1.
742 2725 801 2751 201.
822 2726 880 2751 190.

242 2756 303 2794 Yar.
322 2756 346 2782 b.
366 2759 413 2789 39.
443 2757 650 2789 nigroqflceus,
680 2760 800 2784 antennis
824 2759 984 2793 pedibusque
1005 2759 1115 2791 ferrugi-

208 2797 273 2815 nels.
291 2803 324 2807 —
342 2791 432 2815 errT.
453 2791 469 2815 Ι.
489 2798 510 2815 c.
530 2799 582 2815 var.
603 2792 626 2816 b.

242 2823 303 2850 Var.
321 2831 344 2849 c,
368 2826 392 2853 ξι).
410 2824 598 2856 piceomiger,
621 2828 792 2851 antennarum
810 2826 880 2858 basi,
899 2827 969 2852 tibiis
987 2826 1116 2860 tarsisque

208 2856 372 2888 ferrugineis.
392 2872 421 2875 -
442 2859 531 2882 ΖΕΤΤ.
551 2858 600 2883 Fn.
620 2859 636 2883 l.
657 2866 678 2882 e.
697 2867 749 2883 var.
771 2868 792 2885 c.

242 2891 302 2916 Var.
332 2891 356 2917 d.
384 2894 408 2920 9.
433 2891 623 2924 rufo-piceus,
655 2893 774 2917 antennis
806 2894 964 2927 pedibusque
994 2893 1113 2927 pallidis;

207 2924 286 2957 duplo
303 2925 396 2956 major.
415 2939 445 2943 —
465 2926 554 2950 ZETT.
574 2926 624 2950 Fn.
644 2926 659 2949 l.
679 2934 701 2951 c.
722 2934 774 2952 var.
793 2928 817 2952 d.

240 2959 308 2984 Hah.
326 2959 376 2983 sub
392 2959 520 2991 lapidibus
539 2959 601 2983 locis
624 2959 775 2984 siccioribus
798 2961 824 2985 in
849 2961 991 2994 Lapponiis
1009 2964 1114 2994 septen-

209 2991 351 3017 rionaljbus
370 2995 395 3018 et
413 2992 643 3025 meridionalibus,
662 3002 709 3026 per
726 3001 816 3019 omnes
835 2996 971 3027 regiones,
995 2998 1050 3021 tota
1068 3003 1114 3020 ae-

843 84 1141 118 COLEOPTERA.

1142 151 1144 168 l

2032 87 2075 119 36

1227 84 1434 117 HARPALUS.

1163 190 1245 218 state,
1263 186 1497 219 frequentissimus.
1532 186 1674 212 Adscendit
1690 196 1794 221 quoqne
1817 189 1844 214 in
1862 197 1976 214 summas
1994 190 2078 222 alpes,

1164 225 1190 246 et
1208 221 1234 244 in
1253 220 1351 253 alpium
1370 220 1545 245 Tornensium
1567 220 1633 251 jugo
1656 221 1682 245 in
1700 222 1757 255 ipsa
1781 223 1840 248 nive
1863 231 1968 248 currens
1987 230 2078 248 mense

1163 254 1232 279 Julio
1257 253 1447 286 deprehensus3
1478 254 1615 279 varietates
1645 263 1707 280 vero
1731 257 1893 281 obscuriores
1918 257 1945 282 in
1970 256 2077 288 regione

1165 287 1242 313 nivali
1260 296 1361 326 semper
1379 288 1461 319 magis
1480 296 1640 313 communes.
1675 289 1704 313 ln
1717 290 1893 315 Nordlandiae
1911 294 1937 315 et
1954 291 2078 315 Finmar-

1300 322 1304 326 ”
1358 322 1362 326 ”
1755 324 1911 349 Varietatem
1936 325 1961 350 d.
1981 325 2013 349 ad
2031 325 2078 349 Jo-

1165 355 1257 380 hannis
1278 356 1316 380 Ro
1334 356 1445 380 Botniae
1463 355 1574 380 borealis
1590 356 1614 381 d.
1633 357 1658 381 2.
1679 357 1751 389 Sept.
1776 361 1877 383 tantum
1895 358 1957 390 legi.
1994 358 2078 391 (Lap-

1164 389 1257 423 ponia3
1276 390 1396 421 Torne33
1415 390 1509 415 Scania
1527 390 1559 414 ad
1578 390 1696 422 Esperod
1714 392 1806 421 certe.)

1199 426 1325 450 Magnitudo
1344 425 1427 454 Harp.
1447 425 1570 451 trivialis,
1590 426 1629 446 sed
1649 427 1719 446 variat
1737 429 1807 453 major
1825 432 1846 449 et
1864 429 1943 449 minor.
1973 428 1998 449 ln
2018 429 2078 448 muni

1199 460 1306 479 varietate
1325 463 1442 480 occurrunt
1460 461 1582 487 specimina
1600 467 1665 486 supra
1684 461 1754 485 magis
1774 462 1807 481 vel
1825 463 1897 483 miuus
1916 463 2078 482 aeneo-micau-

1199 494 1245 521 tia,
1270 498 1292 513 ut
1311 497 1331 513 et
1351 494 1447 513 thoracis
1471 495 1556 520 postico
1580 495 1650 519 magis
1669 494 1703 513 vel
1722 495 1793 514 minus
1811 500 1926 522 punctat03
1945 497 1966 516 iu
1989 497 2078 516 feminis

1199 531 1273 547 tumen
1297 528 1351 547 haee
1373 531 1478 553 punctura
1500 534 1587 554 semper
1611 528 1734 548 obsoletior
1757 529 1931 555 deprehenditur.
1968 530 2078 550 Thoracis

1200 561 1306 581 lateribus
1326 561 1464 587 explanatis,
1488 562 1617 587 pracsertim
1640 563 1765 588 posterius,
1791 563 1874 589 optime
1896 564 2033 588 dignoscitur
2051 563 2078 583 ab

1200 595 1302 614 affinibus
1322 595 1375 614 hut-c
1393 595 1492 620 species,
1512 601 1566 621 quae
1585 602 1627 615 non
1647 596 1689 615 uisi
1708 596 1730 615 iu
1755 597 1870 623 Lapponia
1892 601 1914 617 et
1931 598 2011 618 Seu-iia
2029 598 2079 617 liac-

1200 632 1262 648 tenus
1283 629 1402 648 observata
1422 632 1462 648 est.

1167 670 1214 692 15.
1250 671 1291 691 Η.
1316 671 1487 693 brnnneus:
1513 668 1638 693 obovatus
1661 669 1842 702 nigropiceus,
1867 678 1927 701 ore,
1959 670 2080 695 antennis

1167 701 1328 734 pedibusque
1346 702 1463 734 pallidis,
1489 701 1594 726 thorace
1612 705 1712 735 amplo,
1741 704 1859 734 margine
1877 711 1978 728 summo
1996 705 2080 736 pellu-

1166 735 1418 767 cido-ferruginem
1436 736 1536 768 postico
1555 736 1676 768 utrinque
1694 737 1802 762 foveolis
1820 738 1921 762 duabus
1940 738 2080 770 punctatis,

1166 769 1255 800 elytris
1274 769 1388 794 tenuiter
1405 770 1665 802 punctato-striatis.
1692 773 1739 803 39.
1766 772 1864 803 (Long.
1883 773 1912 796 2ι
1934 771 1993 803 lin.)

1201 805 1277 826 Mas:
1296 807 1385 825 thorace
1403 813 1496 831 magno,
1515 807 1601 833 amplo,
1621 807 1725 827 lateribus
1744 808 1830 828 scilicet
1848 809 1978 833 rotundatis,
1996 809 2019 828 in
2037 815 2080 828 rne-

1200 840 1236 859 dio
1255 840 1366 864 dilatatis,
1386 841 1472 866 postico
1492 841 1586 860 ioveolis
1605 842 1717 861 evidenter
1735 843 1851 867 pum—tatis.

1199 872 1285 894 Fenn.:
1303 874 1400 893 thoracis
1419 875 1525 894 lateribus
1545 876 1565 894 iu
1585 876 1656 894 medio
1676 875 1747 894 minus
1766 875 1877 901 dilatatis,
1902 876 1988 902 postice
2007 874 2081 895 foveo-

1200 907 1228 926 lis
1241 914 1307 933 saepe
1326 908 1426 928 obsoleto
1444 909 1563 934 puurtatis,
1576 912 1597 928 et
1615 909 1687 935 paullo
1702 910 1788 936 minor3
1808 910 1863 929 forte
1878 910 1976 935 ejusdem
1989 909 2080 936 speciei,

1201 947 1250 960 nam
1269 941 1291 961 iu
1310 943 1389 961 ceteris
1409 942 1531 967 simillimi,
1556 946 1577 962 et
1600 949 1688 969 semper
1712 943 1852 969 cohabitant,
1870 944 1922 963 lieet
1940 950 1983 963 nou
2001 944 2023 963 iu
2042 950 2079 962 eo—

1200 975 1250 1001 pnla
1268 976 1405 1002 deprehensi.

1201 1006 1292 1031 Gru..
1312 1007 1363 1032 lns.
1383 1008 1427 1032 Sv.
1451 1008 1476 1033 2.
1502 1006 1559 1032 143.
1585 1007 1626 1032 52.
1651 1011 1681 1040 g.
1711 1009 1803 1034 ΖΕττ.
1822 1008 1873 1034 Fn.
1892 1008 1975 1042 Lapp.
1995 1009 2020 1034 l.
2038 1008 2081 1033 24.

1167 1041 1207 1065 13.
1228 1042 1323 1064 Annam
1342 1041 1452 1065 brunnen
1470 1041 1537 1066 DEJ.
1558 1041 1642 1067 Catal.
1664 1051 1688 1074 p.
1707 1043 1732 1067 9.

1201 1074 1268 1099 Hab.
1288 1075 1314 1099 in
1334 1075 1435 1107 alpibus
1454 1075 1648 1108 Lapponiarum
1661 1080 1686 1100 et
1704 1076 1864 1101 suecicarum
1883 1078 1909 1100 et
1927 1075 2081 1106 norvegica-

1166 1116 1239 1139 rum,
1258 1109 1368 1141 passim3
1395 1109 1421 1133 in
1445 1109 1542 1141 alpium
1567 1109 1744 1134 Tornensium
1760 1109 1825 1140 jugo
1844 1109 1868 1134 d.
1890 1110 1929 1134 12.
1948 1109 2015 1139 Jul.,
2034 1117 2082 1133 nec

1167 1150 1218 1166 non
1238 1142 1265 1166 in
1284 1143 1482 1167 Gamstenstind
1509 1146 1535 1168 et
1553 1143 1654 1176 alpibus
1673 1143 1850 1174 adjacentibus
1870 1142 2037 1167 Finmarkiae
2055 1143 2080 1167 d.

1168 1177 1191 1201 1.
1219 1177 1288 1207 Aug.
1313 1177 1424 1209 plurima
1448 1177 1591 1209 specimina
1610 1177 1746 1210 utriusque
1770 1186 1847 1202 sexus
1874 1177 1938 1208 legi3
1967 1177 2029 1201 alias
2054 1176 2081 1201 in

1167 1210 1307 1242 provinciis
1336 1211 1481 1235 borealibus
1506 1211 1615 1235 Sueciae
1639 1211 1702 1236 mihi
1728 1220 1778 1236 non
1799 1211 1907 1241 obvius,
1932 1210 1982 1235 nisi
2006 1210 2083 1235 unice

1167 1244 1215 1267 sub
1235 1244 1319 1277 lapide
1338 1245 1369 1268 ad
1389 1245 1508 1276 Karungi
1526 1253 1608 1278 prope
1627 1246 1761 1270 Tornoam
1779 1246 1804 1271 d.
1823 1246 1865 1271 27.
1885 1244 1948 1276 Maj.
1969 1244 2082 1277 (Lapp-

1168 1279 1245 1303 Scan.
1265 1278 1329 1309 rar.)

1202 1315 1246 1334 Vix
1264 1315 1355 1339 dubito,
1374 1316 1425 1341 quin
1444 1318 1519 1335 nostor
1536 1316 1593 1335 idem
1613 1315 1643 1335 sit
1660 1322 1685 1335 ac
1703 1315 1785 1344 Harp.
1805 1313 1930 1336 brunneus
1950 1314 2083 1337 GrLLssxn...

1201 1349 1253 1368 lii-et
1276 1349 1297 1368 in
1322 1349 1410 1368 climate
1435 1349 1517 1369 boreali
1542 1350 1612 1374 magis
1640 1349 1760 1373 obscurus,
1784 1350 1827 1369 fere
1857 1350 1967 1374 nigricans
1997 1349 2083 1372 evadat,

1202 1383 1258 1402 uude
1282 1384 1349 1402 iacies
1374 1383 1447 1409 paullo
1471 1383 1549 1403 aliena.
1595 1383 1734 1409 Spei-imina,
1767 1390 1822 1409 quae
1847 1384 1874 1402 ab
1900 1384 1948 1409 ipso
1972 1383 2006 1402 lll.
2035 1383 2082 1401 viro

1203 1417 1277 1442 accepi
1306 1417 1369 1441 hujus
1394 1418 1489 1443 spetiei,
1526 1424 1574 1437 cum
1599 1418 1680 1437 uostris
1704 1417 1811 1438 mast-{ilis
1841 1418 1930 1437 omniuo
1955 1417 2083 1436 corveninut

1202 1454 1289 1476 praeter
1307 1451 1410 1470 colorem.

1168 1492 1217 1514 16.
1253 1494 1294 1514 11.
1313 1492 1495 1522 Snlrlbergi:
1513 1491 1754 1521 oblongo-ovatus,
1774 1490 1869 1515 nitidus
1884 1490 1966 1522 niger,
1981 1491 2020 1515 vel
2039 1497 2083 1513 su-

1168 1532 1215 1556 pra
1233 1524 1441 1557 nigro-piceuS,
1468 1524 1565 1557 pulpis,
1584 1525 1704 1549 antennis
1728 1525 1890 1557 pedibusque
1914 1524 2083 1549 rufo-ferru-

1168 1557 1266 1589 gineis,
1286 1558 1390 1582 thorace
1414 1559 1613 1589 subaugustam,
1632 1558 1784 1591 profundius
1804 1559 1975 1590 emarginato,
1994 1557 2084 1583 lateri-

1169 1591 1216 1615 bus
1240 1592 1400 1623 rotundato,
1435 1592 1543 1616 foreolis
1571 1592 1691 1624 utrinque
1716 1594 1732 1617 2
1756 1593 1958 1625 subpunctatis,
1994 1591 2083 1623 elytris

1168 1626 1426 1657 punctato-striatis.
1449 1627 1545 1658 (Long.
1565 1627 1581 1650 2
1599 1627 1657 1656 lin.)

1203 1662 1299 1684 Amara
1318 1661 1450 1692 lnppouicn
1475 1661 1635 1686 MANiNERH.
1661 1660 1685 1684 in
1706 1660 1755 1685 litt.
1776 1660 1808 1684 ad
1826 1661 1934 1685 SAHLB.

1169 1695 1314 1726 lapponicus
1339 1695 1446 1719 sinte.
1469 1695 1518 1719 ins.
1538 1694 1621 1719 Fenn.
1641 1694 1699 1719 250.
1719 1694 1760 1719 55⁴.

1203 1728 1270 1753 [lab.
1295 1727 1321 1752 in
1340 1728 1477 1761 Lapponia
1495 1728 1582 1753 rariss.
1606 1728 1639 1753 D.
1659 1728 1837 1759 FELLMAxs,
1857 1730 1916 1753 test.
1938 1728 1972 1753 D.
1989 1729 2083 1753 ΒΑΜ.-

1170 1769 1244 1786 marre
1263 1762 1279 1787 l.
1299 1769 1321 1787 e.

1203 1798 1286 1827 [lurp.
1305 1796 1413 1819 brunneo
1431 1799 1563 1818 subsimilis.
1599 1797 1635 1819 H.
1655 1795 1741 1819 tibiali
1758 1805 1843 1824 qunque
1862 1798 1926 1818 valde
1944 1798 2025 1822 affinis,
2044 1798 2083 1817 sed

1203 1833 1276 1859 paullo
1295 1834 1365 1857 major
1383 1836 1403 1852 et
1422 1833 1509 1857 colore,
1526 1834 1635 1852 structura
1654 1833 1750 1852 thoracis
1768 1832 1887 1858 elrtrisque
1902 1832 1975 1858 paullo
1994 1832 2081 1858 profun-

1203 1867 1252 1886 dius
1270 1867 1480 1892 punt-tato-striatis
1499 1867 1643 1886 distinetus.“
1666 1866 1756 1887 Sanni,
1777 1866 1790 1885 l.
1811 1872 1829 1885 c.
1856 1877 1887 1881 —
1911 1865 1966 1885 Cum
1984 1867 2081 1891 speciem

1204 1901 1259 1920 infra
1280 1899 1330 1928 (Nr.
1343 1897 1386 1928 21)
1406 1902 1451 1924 jani
1470 1907 1518 1920 ann.
1541 1898 1606 1922 1826
1624 1900 1664 1919 sub
1684 1900 1772 1919 nornine
1790 1899 1825 1921 H.
1839 1898 1984 1928 lappom'cus
2001 1899 2082 1919 deseri-

1204 1935 1302 1960 pserim,
1322 1935 1362 1953 hoc
1381 1934 1469 1953 Faunae
1488 1934 1606 1957 Fenniene,
1621 1931 1686 1954 1827
1700 1934 1778 1955 editae.
1792 1934 1812 1952 in
1832 1934 1909 1953 melius
1928 1933 2082 1959 pulchriusque

1204 1969 1298 1992 unitari,
1318 1968 1421 1987 dedit-aus
1447 1968 1472 1987 D.
1501 1968 1659 1988 Fannium«)
1685 1967 1829 1991 Saurniznc,
1855 1967 1912 1991 filiu,
1944 1971 2081 1993 praesentem

1204 2002 1312 2028 speciem,
1332 2008 1395 2027 quam
1416 2005 1477 2027 pater
1496 2003 1542 2027 ejus
1562 2002 1656 2027 primum
1675 2002 1757 2027 optime
1775 2001 1920 2020 adumbravit.

1170 2044 1214 2066 πῗ.
1251 2045 1292 2065 11.
1310 2043 1445 2065 tibialis:
1467 2041 1713 2072 oblongo-ovatus,
1738 2048 1817 2072 supra
1836 2040 1994 2070 metallicus,
2019 2040 2080 2064 sub-

1170 2079 1211 2100 tus
1230 2075 1318 2105 niger,
1338 2078 1510 2099 antennarum
1530 2075 1584 2099 basi
1603 2074 1725 2106 tibiisque
1743 2074 1957 2105 ruso-testaceis,
1977 2073 2081 2098 thorace

1170 2111 1267 2143 pos-tice
1287 2109 1408 2141 utrinque
1427 2108 1597 2138 bifoveolato,
1617 2108 1724 2133 foveolis
1744 2108 1888 2140 profundis,
1904 2107 2082 2140 impunctatis,

1169 2143 1257 2174 elytris
1276 2143 1405 2167 subtiliter
1423 2142 1680 2175 prrnctato-striatis,
1699 2142 1789 2166 striola
1807 2142 1957 2166 abbreviata
1975 2141 2081 2166 ordina-

1170 2178 1207 2202 ria
1231 2177 1262 2201 ad
1288 2177 1359 2201 basin
1391 2176 1540 2201 interiorem
1572 2180 1618 2201 aut
1636 2177 1707 2200 nulla
1731 2179 1777 2200 aut
1800 2175 1995 2200 rudimentaria.
2033 2178 2080 2208 323.

1171 2212 1268 2243 (Long.
1288 2211 1386 2241 1¹—l}
1407 2210 1464 2241 lin.)

1205 2246 1264 2270 Var.
1284 2253 1307 2269 a.
1327 2253 1406 2277 snpra.
1423 2245 1610 2268 caerulescenS.

1205 2279 1295 2303 Gur..
1316 2279 1365 2303 lns.
1385 2281 1428 2303 SV.
1447 2279 1471 2303 2.
1497 2277 1553 2302 1⁴5.
1579 2277 1620 2302 54.
1645 2278 1753 2302 SAHLB.
1780 2278 1830 2302 Ins.
1856 2277 1939 2302 Fenn.
1958 2276 2018 2301 250.
2037 2276 2079 2301 59.

1173 2312 1287 2337 carabus
1306 2312 1400 2337 tibialis
1418 2312 1548 2336 SenoMi.
1569 2312 1631 2342 Syn.
1653 2312 1675 2336 1.
1694 2311 1753 2336 203.
1774 2312 1831 2336 193.

1204 2347 1265 2371 Var.
1283 2346 1308 2371 b.
1328 2348 1374 2378 32.
1399 2353 1478 2378 supra
1490 2348 1535 2369 aut
1548 2345 1808 2375 virescentLaeneus,
1828 2346 1872 2368 aut
1884 2343 2079 2377 piceosaeneus.

1204 2381 1295 2405 Gru..
1315 2383 1341 2404 et
1359 2380 1467 2404 Saura.
1487 2380 1502 2404 l.
1522 2387 1543 2405 c.
1563 2387 1617 2404 var.
1638 2379 1661 2404 b.
1680 2380 1777 2403 Amara
1799 2378 1893 2403 tibialis
1916 2378 1983 2403 DEJ.
2003 2379 2078 2410 Spec.

1169 2413 1290 2446 Coleopt.
1309 2414 1333 2439 3.
1352 2413 1410 2438 471.
1432 2414 1471 2438 12.
1494 2421 1548 2438 var.
1567 2421 1591 2438 a.

1203 2449 1270 2473 Ilab.
1291 2447 1322 2471 ad
1340 2447 1409 2479 ripas
1427 2447 1563 2471 fluminum
1590 2446 1741 2479 Lapponiae
1766 2445 1957 2475 meridionalis,
1982 2452 2035 2469 var.
2055 2453 2078 2470 a.

1168 2482 1313 2512 rarissime,
1332 2481 1376 2505 sed
1395 2489 1448 2506 var.
1469 2481 1493 2506 b.
1513 2480 1544 2505 ad
1564 2480 1688 2511 Lycksele
1706 2480 1730 2504 d.
1757 2479 1877 2504 15—25.
1895 2479 1956 2504 Jun.
1981 2477 2079 2503 utrius-

1168 2524 1218 2548 que
1242 2523 1319 2540 sexus
1345 2514 1407 2539 mihi
1431 2515 1536 2547 copiose
1560 2514 1644 2540 obvia.
1670 2513 1873 2546 (Lapp.-Scnn.
1893 2521 1946 2538 var.
1971 2520 1994 2536 a.
2013 2511 2078 2544 freq.

1168 2558 1221 2574 var.
1242 2550 1266 2574 b.
1286 2549 1405 2581 passim).

1970 1661 2081 1692 Harpal.

1202 2608 1305 2632 Subdiu.
1325 2609 1348 2631 3.
1368 2611 1457 2630 thorace
1476 2610 1562 2636 pos-tice
1581 2615 1655 2634 parum
1673 2608 1809 2633 angustiore,
1828 2608 1914 2633 augulis
1932 2607 2079 2631 rectiusculis,

1203 2645 1240 2664 vix
1258 2651 1310 2664 vero
1329 2643 1471 2670 promiuulis,
1491 2645 1624 2663 neumate
1641 2643 1772 2662 rotundatis.
1809 2642 1899 2662 Statura
1922 2641 2021 2667 corporis
2041 2641 2078 2660 ob-

1202 2678 1274 2702 longa.
1311 2678 1377 2697 Color
1395 2678 1483 2703 sat-pius
1502 2677 1573 2701 niger,
1592 2682 1641 2695 raro
1660 2682 1754 2700 aeneus,
1774 2676 1865 2702 pedibus
1882 2681 1949 2701 saepe
1967 2675 2078 2694 rufescen-

1201 2712 1268 2732 tibus.
1305 2711 1439 2737 Supertieius
1458 2711 1574 2736 clyti-nrum
1593 2710 1613 2729 iu
1633 2710 1720 2729 feminis
1745 2710 1872 2736 plerumque.
1896 2715 1974 2734 opaea.
2011 2708 2078 2730 Har-

1198 2744 1258 2774 pali
1273 2746 1361 2771 species
1380 2745 1435 2765 Des.

1167 2796 1216 2818 18.
1250 2796 1293 2817 11.
1310 2794 1470 2817 limbatas:
1497 2790 1571 2822 niger
1589 2790 1695 2821 nitidus,
1713 2790 1843 2821 antennis,
1858 2789 1940 2822 palpis
1955 2789 2076 2822 pedibus-

1167 2835 1217 2859 que
1235 2827 1334 2857 rubris,
1353 2826 1457 2850 thorace
1476 2824 1598 2849 lateribus
1617 2824 1711 2854 rectis,
1737 2823 1854 2854 margine
1872 2831 1973 2847 summo
1992 2823 2077 2847 serru-

1167 2860 1406 2893 {tineo-pellucido,
1431 2858 1486 2883 basi
1510 2861 1648 2891 punctato,
1674 2857 1795 2889 utn'nque
1818 2856 1963 2888 foveohxto,
1987 2856 2076 2887 elytris

1166 2894 1300 2919 evidenter
1316 2892 1430 2924 striatis,
1465 2892 1538 2925 apice
1556 2892 1660 2925 oblique
1682 2891 1867 2916 subtruncatis.
1892 2893 1939 2924 <3¹9-
1978 2891 2075 2922 (Long.

1166 2928 1199 2951 3ss
1217 2928 1260 2952 lin.

1187 2928 1292 2987 zGrLi..
1312 2962 1364 2985 Ins.
1389 2961 1432 2985 sv.
1456 2959 1481 2986 4.
1506 2960 1573 2993 App.
1592 2959 1651 2984 433.
1670 2960 1753 2989 Ηηηι.
1778 2958 1894 2990 rnbripes
1912 2957 2004 2983 Gur..
2023 2958 2075 2983 Ins.

1165 2995 1209 3020 Sv.
1228 2996 1254 3021 2.
1273 2995 1330 3021 118.
1349 2994 1391 3020 32.
1410 3001 1464 3019 var.
1482 2994 1507 3020 b.
1526 2998 1552 3019 et
1569 2993 1587 3020 f.
1606 2994 1697 3018 ΖΕΤΤ.
1717 2992 1767 3018 Fn.
1792 2992 1875 3025 Lapp.
1895 2993 1919 3017 l.
1937 2992 1980 3017 25.
1999 2991 2040 3017 14.
