2194 3208
487 1268 1551 1330 PRAEMoNENIDA.

225 1532 318 1587 Post
340 1567 447 1588 moram
492 1557 567 1587 rodit
585 1558 645 1598 jain
670 1557 742 1588 haec
764 1567 840 1587 nova
862 1561 891 1588 et
913 1556 1000 1587 tertia
1022 1555 1121 1587 Sectio
1150 1555 1272 1586 Faunae
1295 1552 1664 1596 InsectorumLapponiae
1687 1551 1801 1582 revisae
1825 1553 1853 1580 et
1876 1547 1958 1578 valde

76 1603 217 1637 mutatae,
246 1599 372 1642 Diptera
393 1567 596 1642 complectens.
641 1599 714 1631 Cum
738 1598 881 1632 Volumen
905 1600 1028 1642 primum
1057 1599 1143 1639 hujus
1167 1597 1263 1640 operis
1293 1597 1360 1636 (nec
1387 1596 1471 1639 plura
1492 1595 1632 1626 hactenus
1656 1592 1822 1629 divulravi,
1855 1590 1959 1622 Coleo-

75 1648 178 1684 ptera,
201 1641 380 1684 Orthoptera
403 1641 632 1684 Hemipteraque
655 1641 848 1684 amplectens,
872 1641 1075 1689 divulgaretur
1097 1641 1188 1681 (anuo
1213 1638 1320 1679 18:2⁵3),
1343 1643 1451 1669 tantum
1465 1637 1637 1680 Lapponias
1650 1604 1866 1666 scandinaviae
1889 1644 1959 1671 sep-

76 1687 311 1719 tentrionales‚
339 1683 451 1714 scilicet
473 1683 647 1726 Lapponiae
669 1684 850 1714 Kemensem
873 1683 1023 1722 Fennlae,
1052 1682 1240 1713 Torneusem
1264 1681 1403 1719 Sueciae,
1435 1684 1463 1710 ut
1491 1685 1520 1710 et
1547 1678 1758 1710 Nordlandiam
1782 1681 1866 1717 atque
1888 1674 1960 1705 Fin-

77 1725 221 1757 markiam
245 1725 452 1756 occidentalem
475 1726 663 1768 Norvegiae,
686 1726 945 1769 perlustraveram,
967 1725 1148 1768 Dipteraque
1177 1725 1207 1755 iu
1237 1724 1283 1754 his
1307 1723 1394 1753 terris
1422 1722 1570 1765 polaribus
1593 1721 1713 1752 collecta
1736 1723 1961 1761 reportaverant.

78 1767 196 1798 Deinde
219 1778 288 1798 vero
318 1768 374 1798 iter
396 1778 507 1809 quoque
538 1769 567 1799 in
600 1768 770 1811 Lapponias
799 1767 924 1799 Sueciae
955 1769 1207 1802 meridionales,
1244 1765 1355 1796 scilicet
1382 1776 1435 1807 per
1458 1769 1543 1795 totam
1567 1763 1741 1800 Umensem,
1770 1771 1841 1802 quae
1864 1763 1962 1789 vastas

79 1809 145 1841 illas
161 1809 335 1853 Lapponiae
358 1810 529 1853 paroecias:
553 1809 1096 1852 Lycksele,Stensele‚Wilhelmina,
1111 1808 1199 1843 Asele
1222 1813 1306 1849 atque
1328 1807 1471 1838 Fredrica
1494 1807 1546 1837 sub
1571 1817 1602 1836 se
1631 1803 1864 1847 comprehendit,
1886 1811 1963 1831 auno

80 1851 178 1891 1832,
200 1853 355 1883 comitante
378 1853 486 1883 eximio
512 1859 634 1883 naturae
658 1857 819 1884 scrutatore
842 1852 1070 1893 felicissimeque
1094 1852 1271 1882 insectorum
1295 1850 1468 1891 indagatore
1492 1849 1531 1879 D.
1555 1848 1640 1879 Doct.
1663 1846 1701 1877 A.
1719 1845 1754 1876 G.
1778 1844 1963 1879 DAuLBoM,

81 1905 130 1925 sco
152 1904 169 1924 o
192 1893 407 1935 entoniologico
431 1895 551 1925 institui.
597 1894 658 1925 Sub
682 1895 736 1925 hoc
766 1895 894 1938 spatioso
917 1905 1019 1931 cursu,
1048 1894 1076 1924 in
1101 1904 1155 1934 quo
1178 1893 1264 1924 etiam
1294 1892 1374 1934 alpes
1403 1891 1516 1922 nivales
1547 1888 1731 1930 Gardsjellen
1762 1891 1790 1917 et
1819 1885 1964 1917 Brattiks-

81 1936 135 1978 fjel
149 1942 194 1974 et,
218 1936 265 1967 ubi
290 1936 387 1966 nullus
411 1936 671 1978 Entomologorum
696 1942 763 1967 ante
786 1948 839 1968 nos
862 1937 933 1976 suit,
964 1935 1162 1974 visitavimus,
1191 1935 1275 1965 nobis
1298 1934 1420 1973 contigit
1443 1933 1637 1963 Antliatorum
1662 1929 1782 1962 Ordinis
1804 1928 1963 1971 specierum

81 1989 139 2009 non
163 1978 261 2009 solum
286 1978 389 2008 multas
413 1978 501 2017 (572)
527 1990 618 2009 novas
641 1979 797 2021 detegere,
827 1990 925 2009 verum
950 1979 1035 2009 etiam
1059 1977 1157 2020 plures
1181 1978 1362 2019 cognitarum
1382 1972 1488 2006 dubias
1505 2000 1513 2014 ,
1537 1975 1596 2016 jam
1622 1973 1704 2003 vivas
1727 1972 1853 2002 lustrare
1881 1970 1965 2000 adcu-

83 2021 232 2062 ratiusque
256 2021 430 2059 observare,
454 2032 507 2051 nec
530 2032 587 2051 non
611 2021 702 2059 alias,
732 2032 849 2062 quarum
874 2021 949 2051 alter
976 2031 1065 2051 sexus
1094 2020 1213 2061 ignotus
1236 2019 1305 2057 suit,
1335 2018 1370 2048 ad
1401 2024 1550 2058 utrumque
1583 2015 1787 2046 determinare.
1832 2012 1966 2052 Denique

82 2063 167 2094 dives
198 2069 227 2093 et
248 2063 377 2105 pretiosa
402 2062 589 2104 Dipterorum
614 2064 737 2102 messis,
760 2064 790 2093 in
814 2063 879 2105 alpe
902 2063 1014 2105 insigni
1044 2062 1156 2093 Dowre
1183 2061 1354 2103 Norvegiae
1382 2060 1417 2090 ab
1447 2058 1652 2090 oculatissimis
1677 2057 1714 2087 D.
1738 2056 1776 2086 D.
1805 2054 1966 2097 Capitaneo

83 2104 255 2136 Rom-:MAN
282 2110 310 2135 et
332 2104 410 2135 Phil.
434 2105 582 2147 Magistro
607 2104 664 2135 En.
688 2105 795 2136 Mum<
823 2104 1141 2144 AnRoSENscniiun
1166 2103 1265 2134 eodem
1290 2112 1367 2133 anno
1398 2101 1508 2142 (1532)
1538 2101 1630 2139 sacta,
1660 2110 1769 2130 mecum
1800 2097 1834 2127 ad
1859 2096 1967 2127 descri-

83 2147 208 2179 bendum
232 2147 447 2189 benignissime
471 2147 525 2178 fuit
548 2147 766 2178 communicata.
810 2147 856 2177 Ne
880 2147 995 2177 tandem
1019 2147 1155 2177 reticeam
1178 2145 1283 2188 partim
1306 2144 1494 2187 Dipterorum
1519 2143 1646 2181 icadem,
1668 2152 1750 2182 quam
1774 2140 1804 2170 in
1829 2139 1967 2169 tractibus

104 2190 190 2232 lagae
213 2190 338 2220 arcticae
362 2200 379 2220 a
401 2200 446 2220 me
471 2189 545 2220 baud
568 2189 695 2220 visitatis
720 2189 757 2220 D.
780 2188 977 2220 Fnlcmstus
1002 2199 1078 2219 anno
1102 2188 1218 2230 saepius
1242 2187 1389 2218 nominato
1419 2186 1593 2227 conquisivit
1621 2183 1868 2224 conquisitamque
1897 2179 1965 2210 mihi

84 2200 226 2263 benevole
249 2232 344 2268 misit,
374 2232 535 2273 partimque
558 2232 658 2262 horum
683 2231 922 2262 animalculorum
946 2231 1126 2274 manipulos,
1155 2240 1226 2271 quos
1256 2229 1360 2270 reliqui
1385 2228 1440 2259 mei
1463 2234 1491 2259 et
1519 2227 1658 2258 scientiae
1684 2225 1767 2256 amici
1798 2228 1882 2263 atque
1905 2222 1968 2252 sau-

86 2279 177 2312 tores,
201 2285 268 2304 suas
285 2273 471 2304 collectiones
494 2274 683 2316 Lapponicas
707 2278 898 2313 evacuantes,
921 2284 985 2304 meo
1008 2273 1148 2304 scrutinio
1171 2273 1367 2313 subjecerunt.
1390 2271 1565 2313 Nuperrime
1579 2268 1689 2308 (1fl36)
1703 2267 1777 2297 idem
1802 2265 1964 2295 BonEMAN

86 2315 227 2359 pugillum
251 2315 439 2358 Dipterorum
463 2327 603 2347 novorum
626 2327 642 2347 e
665 2316 859 2346 Daleknrliae
882 2316 1057 2359 alpestribus
1080 2315 1149 2346 mihi
1173 2315 1260 2345 misit.
1304 2313 1431 2344 Talibus
1454 2311 1637 2343 adminiculis
1660 2319 1729 2340 usus
1752 2308 1825 2338 banc
1849 2305 1969 2336 Faunae

87 2363 198 2401 partem
221 2358 332 2388 conseri
346 2358 390 2388 isi.
1937 2389 1943 2395 ⁸

238 2399 302 2431 Cel.
336 2410 471 2431 VAmA-:N
501 2400 530 2430 in
560 2400 650 2439 libro,
673 2401 720 2440 qui
745 2401 891 2439 Diptera
913 2402 1055 2430 Sneciae
1076 2399 1256 2437 inscribitur,
1278 2397 1340 2429 857
1369 2397 1481 2439 species
1508 2395 1595 2425 totius
1626 2390 1841 2423 Scandinaviae
1864 2389 1967 2427 attulit,

91 2441 257 2473 Generibus
279 2441 320 2473 97
344 2442 507 2483 subjectas,
531 2443 584 2472 sub
607 2442 742 2473 Familiis
765 2443 806 2473 26
829 2442 1063 2485 comprehensas.
1109 2440 1181 2472 Cum
1206 2450 1276 2471 vero
1306 2440 1351 2469 his
1373 2438 1435 2469 5⁴57
1465 2437 1616 2480 speciebus
1639 2434 1848 2465 subtrabuntur
1868 2432 1968 2462 saltem

93 2484 151 2521 12,
174 2494 293 2524 quarum
316 2483 335 2514 ἴ)
359 2483 491 2515 diversos
515 2490 623 2515 tantum
647 2495 737 2515 sexus
760 2485 911 2523 efficiunt,
934 2484 1046 2515 scilicet
1076 2484 1242 2523 Chry-§ops
1265 2486 1451 2512 caecutiem
1474 2479 1520 2520 qui
1544 2482 1589 2509 est
1612 2482 1631 2509 8
1645 2501 1653 2516 ,
1682 2480 1710 2506 et
1733 2476 1898 2515 Chrysops
1921 2476 1969 2503 lu-

90 2528 212 2566 gubris
235 2526 283 2567 qui
307 2530 352 2555 est
369 2527 384 2552 9
408 2526 537 2567 ejusdem
561 2527 679 2569 speciei,
703 2528 912 2567 Danypogon
935 2530 1136 2566 longitarsis
1154 2529 1192 2564 ὅ,
1220 2529 1249 2555 et
1277 2526 1362 2554 Das.
1392 2524 1584 2552 armillatus
1603 2522 1617 2547 9
1646 2518 1739 2560 ejusd.
1762 2528 1821 2559 sp.,
1853 2519 1969 2555 Empis

91 2571 230 2607 nudipes
248 2571 286 2605 (ἵ,
310 2572 339 2597 ct
360 2569 452 2605 Emp.
479 2573 704 2607 epissiroittris
723 2570 737 2595 9
761 2569 853 2609 ejusd.
877 2580 931 2612 sp.,
961 2569 1174 2608 Tachyclrom.
1189 2570 1307 2605 dispar
1325 2569 1363 2601 ὃ,
1386 2569 1415 2595 et
1443 2563 1605 2602 Tac-hydr.
1620 2563 1743 2599 rvfipes
1762 2562 1776 2588 9-
1799 2559 1892 2600 ejusd.
1916 2568 1969 2600 sp,

91 2614 176 2651 atque
201 2612 318 2640 Musca
341 2611 496 2640 lateralis
515 2615 552 2649 ὅ,
575 2617 602 2641 et
626 2613 732 2641 Musc.
756 2606 895 2651 nb'gritm
914 2614 928 2639 9
952 2611 1046 2651 ejusd.
1069 2621 1129 2652 sp.;
1152 2610 1172 2639 5
1194 2608 1312 2638 eaedem
1336 2607 1388 2636 sub
1411 2605 1536 2636 diversis
1558 2603 1723 2634 nominibus
1738 2602 1911 2644 descriptae,
1924 2611 1969 2630 ex.

93 2663 139 2695 gr.
162 2654 281 2691 Leptis
294 2655 455 2690 flavipes,
479 2662 551 2692 quae
573 2653 673 2684 eadem
697 2658 742 2684 est
764 2665 797 2684 ac
822 2653 1046 2693 Xyloplmgqm
1060 2659 1150 2687 ater,
1182 2650 1394 2688 Tachytlrom.
1408 2649 1604 2687 geniculata
1627 2645 1725 2675 eadem
1750 2655 1783 2674 ac
1804 2643 1968 2682 Tachydr.

95 2696 382 2731 albo-capillata,
412 2694 575 2733 Ocyptera
597 2695 789 2726 cachinaria
813 2696 913 2726 eadem
937 2705 970 2725 ac
999 2694 1148 2723 Tachina
1171 2694 1348 2726 lateralis,
1374 2692 1494 2720 Musca
1516 2692 1648 2728 nigrim
1671 2687 1770 2717 eadem
1795 2697 1827 2716 ac
1850 2687 1969 2715 Musca

94 2741 301 2773 tempeaemva,
326 2740 354 2766 et
375 2737 582 2774 Anthomyxa
603 2741 748 2775 graciliae
771 2738 870 2768 eadem
895 2748 928 2767 ac
950 2737 1144 2775 Agromyza
1156 2737 1320 2772 flavipes;
1344 2738 1372 2762 et
1394 2731 1516 2772 denique
1539 2732 1558 2761 2
1581 2731 1657 2760 intra
1680 2729 1785 2760 limites
1808 2726 1969 2758 scandina-

95 2779 160 2809 viae
182 2778 258 2809 haud
281 2778 401 2816 obviae,
424 2788 527 2819 nempe
554 2779 710 2817 Laphria
744 2781 933 2819 ephippium
964 2785 992 2809 et
1014 2779 1131 2816 Empie
1151 2779 1331 2814 pennipee;
1354 2779 1467 2804 restant
1489 2772 1667 2803 solummodo
1678 2770 1740 2802 845
1763 2769 1874 2812 species
1897 2767 1969 2797 Sue—

95 2820 156 2851 ciae
179 2832 196 2851 a
219 2820 282 2852 Cel.
305 2819 378 2851 Viro
406 2819 512 2862 publici
532 2820 608 2860 juris
632 2821 725 2851 factae
748 2821 927 2864 (Tipulariis
950 2819 1061 2850 scilicet
1089 2829 1145 2848 non
1175 2817 1362 2859 computatis,
1389 2826 1487 2846 earum
1515 2825 1618 2857 nempe
1645 2813 1738 2845 deseri
1762 2813 1838 2842 tione
1867 2820 1883 2840 a
1906 2807 1969 2839 Cel.

95 2862 222 2893 Auctore
245 2863 377 2899 omissa).
423 2861 496 2892 Mihi
520 2866 614 2891 tamen
645 2863 782 2904 contigit,
812 2864 851 2894 uti
879 2862 990 2893 incolas
1023 2861 1115 2891 solum
1144 2859 1318 2909 Lapponiae
1354 2856 1432 2889 1251
1463 2858 1576 2900 species
1601 2857 1630 2886 in
1659 2856 1713 2886 hac
1740 2823 1860 2884 liaunae
1889 2854 1970 2893 par-te

95 2903 284 2944 adumbrare,
315 2905 367 2935 sub
394 2903 454 2935 174
477 2903 635 2945 generibus
658 2905 900 2946 comprehensas,
926 2903 1046 2935 familiis
1075 2901 1116 2933 45
1139 2902 1294 2943 subjectas.
1338 2899 1382 2931 lll.
1407 2911 1424 2930 a
1445 2899 1547 2931 Lms.
1571 2904 1678 2929 tantum
1705 2895 1764 2927 194
1785 2893 1897 2936 species
1919 2892 1970 2923 hu-

93 2945 141 2985 jus
164 2945 284 2977 Ordinis
307 2957 359 2990 per
381 2950 467 2977 totam
491 2945 716 2976 scandinaviam
740 2957 792 2977 suo
815 2952 943 2989 tempore
969 2944 1116 2987 cognovit.

244 2987 283 3019 Ut
305 2995 398 3019 autem
422 2988 496 3019 ratio
522 2987 707 3030 Dipterorum
731 2987 761 3018 in
773 2988 929 3031 Lapponia
952 2988 1046 3030 magis
1063 2985 1213 3029 speciatim
1231 2984 1374 3024 videatur,
1398 2984 1619 3015 observationes
1633 2983 1786 3021 sequentes
1799 2976 1969 3007 inserviant.

1506 3033 1543 3064 31
1555 3035 1569 3049 ⁰
