2194 3208
79 68 166 102 1005
743 60 1061 96 LEPIDOPTERA.
1149 59 1285 92 Amana.
1858 60 1940 92 1006

112 170 181 195 Hah.
198 169 225 194 in
244 166 381 201 Lapponia
397 167 506 192 Umensi
523 166 669 198 rarissime,
692 166 723 191 ad
742 165 868 196 Lycksele
884 167 910 190 et
927 165 984 189 Ru-

78 204 133 229 sele
149 203 268 228 23-28.
288 202 348 226 Jun.
366 200 480 226 inventa.
518 202 649 234 (Lappon.
666 198 815 229 meridion.)

112 238 138 265 9,
163 240 241 260 Parra.
276 237 382 259 Obscura.
420 237 482 264 Palpi
506 237 566 257 flavi.
603 238 718 257 Anteuuae
737 236 818 260 nigrae.
855 234 912 255 Alae
929 234 984 253 anti-

113 279 152 293 eae
165 273 258 292 obscure
271 275 463 297 purpurascentes,
481 271 620 299 unicolores3
639 270 738 296 posticae
751 269 922 293 cinerascentes,
937 267 983 287 fim-

113 306 161 326 bria
177 305 272 326 omnium
291 304 459 324 cinereo-fusca.

115 337 173 361 Obs.
206 336 269 360 Lim
286 336 403 359 terrenae
419 338 522 360 Tnsrrs.
539 336 613 357 fliium.
633 336 660 356 Τ.
680 335 719 357 25.
739 334 755 355 f.
777 335 839 365 17ος
862 335 883 355 in
901 334 984 354 frutici-

113 372 154 393 bus
173 371 246 397 Cotyn
265 375 308 394 etc.
326 371 444 392 Oelandiae
461 372 489 391 ad
508 371 640 395 Borglnolm,
666 370 759 390 Seaniae
777 369 803 389 ad
823 369 884 388 Luud
903 371 923 388 ct
941 367 983 387 Sil-

112 405 187 430 ffikra,
204 406 227 427 S.
245 405 293 428 Jul.
305 416 338 420 —
354 406 374 427 1.
393 406 450 430 Aug.
469 411 548 433 pass.;
565 404 630 425 etiam
649 410 661 423 e
678 403 830 427 Westrogoth.
849 409 862 422 a
880 402 907 422 D.
922 401 984 422 Gn.-

112 444 209 460 uzsrnr.
225 439 302 459 missa.

112 520 215 543 Subdiu.
235 522 259 544 2.
294 522 350 542 Alae
373 522 459 542 anticae
482 521 628 546 griseseentes
651 520 664 540 1.
685 520 823 544 incarnatae,
847 518 928 539 atomis
945 517 984 538 mi·

112 557 249 582 croscopicis
267 555 346 580 fuscis,
364 559 386 576 et
403 555 490 582 punctis
507 553 683 575 distinctior-ibus
702 554 770 578 nigris
789 553 914 579 adspersae.

79 622 114 646 6.
148 623 180 644 1..
199 621 382 645 teneor-elliu
405 619 453 644 alis
471 618 562 643 anticis
580 617 792 649 cinereoJuscis,
816 616 903 648 strigis
922 614 985 640 disci

78 657 106 679 et
123 654 200 683 apicis
218 653 448 684 longitudinalibus
466 652 617 684 interruptis
632 651 721 683 nigris,
739 651 819 676 fascia
834 651 932 683 postica
947 649 986 673 bi-

79 688 223 717 maculata3
242 686 347 719 posticis
365 686 483 711 cinereis.
502 689 532 718 g.
570 685 668 716 (Long.
688 686 720 710 al.
739 693 798 717 exp.
817 684 860 709 vix
879 687 893 716 ἦ-
908 682 983 716 poll.)

114 721 182 745 Hah.
209 720 235 745 in
259 720 395 753 Lappvnia
419 719 526 744 Umensi
550 719 663 751 passim;
692 718 719 743 in
743 718 898 749 graininosis
923 716 985 741 locis

80 754 159 779 aridis
184 754 215 778 ad
234 754 360 784 Lycksele
384 756 410 778 et
428 752 565 777 Tresunda
591 752 630 777 10.
649 753 708 776 Jun.
723 766 753 769 —
768 753 809 776 ll.
826 752 875 776 Jul.
895 754 985 784 capta3

79 788 107 812 in
125 787 286 820 inseralpinis
305 786 481 812 Nordlandiae
505 786 536 810 ad
556 785 651 817 Talvig
669 786 694 811 d.
712 786 737 810 2.
755 786 824 817 Aug.
848 785 925 810 etiarn
944 792 986 809 ra-

79 821 134 846 rius
152 821 216 846 visa.
253 820 425 853 (Lapponia.)

113 857 144 886 (ζ,
170 855 258 879 Similis
280 856 428 885 pullaiellne
446 855 520 876 fliius.
544 858 567 875 nt
585 858 607 876 ct
623 853 789 884 bipunctellae
805 855 883 876 Fami.
923 853 985 880 Palpi

112 893 137 911 ut
154 891 175 910 iu
193 887 323 918 affiniella
341 889 468 910 constructi.
504 890 620 909 Antennae
638 889 719 913 nigrae.
750 889 806 909 Alae
818 889 903 908 anticae
915 887 986 907 tuson-

114 924 227 949 cinereae,
259 924 281 943 iu
304 924 366 943 dtseo
390 924 466 947 strigis
490 923 504 943 2
530 923 723 947 longitndiualihus
747 922 850 942 hrt-vibus
877 920 986 947 parallelis

114 959 178 985 atris,
197 957 393 979 allio-intersectis.
429 957 453 976 lu
472 956 534 983 apice
551 963 638 982 quoquc
657 956 739 981 strigae
757 954 925 979 lon-gitiulinales
941 954 954 976 5
971 954 985 974 Ι.

114 991 138 1013 6.
158 994 233 1016 atrae,
256 990 476 1014 fusco-intersectae‚
500 991 530 1010 ita
549 994 571 1010 ut
589 994 647 1010 totus
665 996 720 1016 apex
740 989 918 1014 fusco-nigroque
936 988 986 1007 suh-

112 1025 240 1045 tessellatus
258 1024 364 1044 videatur.
401 1024 481 1044 Fascia
500 1024 586 1050 postica
604 1024 713 1043 ordinaria
731 1023 781 1042 alba
798 1023 820 1042 in
839 1021 909 1042 medio
923 1022 987 1041 inter-

113 1062 178 1084 rupta
194 1058 256 1078 utin
275 1056 415 1086 qffiniella.
451 1057 550 1077 Fimbria
572 1057 641 1079 fusca.
677 1057 734 1077 Alae
757 1057 856 1083 posticae
879 1056 986 1079 cinereae,

114 1091 199 1112 fimbria
217 1092 342 1113 concolore.
378 1091 463 1116 Corpus
482 1094 503 1110 et
521 1091 588 1117 pedes
606 1091 708 1115 obscura,
726 1090 793 1110 tarsis
807 1088 987 1110 allio-annulatis.

113 1125 168 1147 Var.
187 1125 208 1145 b.
234 1125 265 1155 ἅ.
289 1125 368 1144 similis
386 1131 433 1146 var.
452 1131 477 1151 a,
501 1125 539 1144 sed
563 1124 662 1148 strigulis
687 1124 769 1144 alarum
794 1124 850 1143 disci
869 1122 986 1149 obsoleti-e,

113 1159 197 1179 relictis
216 1162 299 1178 tantum
318 1163 407 1178 externe
426 1158 512 1184 punctis
531 1158 555 1182 2,
573 1161 595 1177 et
613 1158 697 1178 interne
718 1159 740 1183 l,
758 1157 836 1182 nigris.
870 1156 942 1182 Capta
959 1156 986 1175 ad

113 1192 197 1217 Tan-ig
215 1193 239 1216 2.
257 1193 315 1216 Aug.

79 1242 109 1266 ἵ.
145 1242 180 1265 1..
197 1241 369 1264 Frieseun:
387 1239 434 1263 alis
452 1238 544 1264 anticis
562 1238 654 1269 griseis
672 1237 877 1263 fusco-irroratis
891 1240 916 1262 et
931 1245 987 1261 ma-

80 1273 183 1305 culatis,
202 1272 308 1297 fasciola
327 1273 411 1297 antica
430 1273 548 1297 obscura.
572 1274 596 1301 ῼ.
635 1273 733 1303 (Long.
752 1273 785 1297 al.
802 1280 862 1304 exp.
882 1274 897 1303 ἦ
910 1271 985 1304 poll.)

114 1307 182 1332 Hab.
207 1306 234 1331 in
259 1306 415 1337 graminosis
439 1312 465 1331 et
482 1305 580 1339 campis
604 1306 667 1330 locis
686 1305 764 1330 aridis
783 1305 930 1335 sterilibus;
955 1304 987 1329 ad

80 1341 215 1373 Bossekop
239 1348 320 1373 prope
338 1341 414 1365 Alten
433 1339 600 1364 Finmarkiae
624 1340 649 1366 d.
667 1339 756 1365 4—8.
774 1341 840 1370 Aug.
860 1338 927 1363 haud
946 1337 988 1362 in-

81 1373 230 1406 frequenter
253 1373 319 1405 vidi,
349 1373 410 1398 alibi
437 1373 464 1398 in
488 1373 625 1406 Lapponia
653 1373 794 1398 rarissime.
839 1372 988 1405 (Lapponia

80 1407 250 1438 Norvegica.)

113 1443 139 1469 9.
163 1443 250 1464 Similis
274 1443 304 1465 L.
322 1441 495 1472 Mozffetellae
519 1445 540 1463 et
562 1440 724 1467 rhomboHue,
751 1443 835 1469 pictura
853 1441 879 1461 ab
898 1445 988 1467 utraque

114 1483 174 1497 certe
191 1477 304 1498 distincta.
341 1477 429 1504 Grisea,
448 1477 549 1496 antennis
567 1477 650 1501 crebre,
667 1476 739 1503 pulpis
758 1482 831 1502 parce,
849 1475 988 1495 fusco-anuu-

113 1510 175 1531 latis.
210 1511 267 1531 Alae
285 1510 370 1530 auticae
388 1511 482 1534 griseae,
501 1510 668 1536 albo-fuscoque
686 1511 800 1536 irroratae,
818 1508 936 1533 signaturis
952 1515 988 1528 va-

114 1544 154 1564 riis
173 1543 339 1564 obscurioribus
359 1544 388 1563 ita
406 1544 537 1570 dispositis,
555 1547 578 1563 ut
597 1543 702 1563 fasciolas
721 1544 735 1564 2
754 1547 906 1566 transversas,
924 1549 987 1561 unam

115 1579 209 1598 anticam
235 1581 255 1597 et
274 1577 363 1597 alteram
383 1578 491 1603 posticam
510 1577 660 1603 maculamque
679 1576 795 1596 ceutrnlem
818 1577 925 1601 geminam
946 1576 989 1595 for-

114 1615 182 1631 ment.
218 1611 242 1631 ln
261 1611 310 1637 ipso
329 1611 425 1635 margine
444 1610 523 1636 apicati
543 1614 620 1636 puncta
639 1611 653 1632 6
670 1610 685 1632 l.
702 1611 716 1632 7
731 1612 785 1630 atra.
816 1609 874 1630 Alae
890 1610 988 1636 posticae

116 1646 286 1665 einerasceutea.
324 1644 404 1664 Tibiae
422 1644 519 1670 tarsique
537 1644 646 1666 niinnlata.

115 1678 189 1699 cineri
208 1679 274 1699 Dor-n.
293 1677 318 1698 Β.
338 1678 364 1697 F.
384 1678 473 1702 Fures,
497 1678 547 1697 dum
566 1678 623 1698 vixit
647 1676 776 1697 Professor-⁵
800 1680 821 1697 et
844 1676 899 1701 Reg.
918 1676 987 1697 Acad.

113 1712 197 1732 Selene.
217 1711 292 1733 Helm.
310 1711 367 1731 Mus.
388 1711 451 1731 Zool.
471 1711 598 1735 Praefecto,
624 1711 712 1731 comitia
730 1711 860 1730 amicissimi
879 1711 931 1731 mihi
953 1717 990 1736 pe-

114 1745 234 1770 regrinanti
252 1746 274 1765 in
292 1745 407 1771 Lapponia
425 1745 591 1770 septentrionali
610 1751 667 1764 auno
689 1745 761 1766 15:21.

80 1795 115 1819 Θ.
150 1795 185 1819 1..
203 1794 357 1817 rescellis:
382 1791 430 1816 alis
449 1791 541 1816 anticis
559 1791 710 1822 incarnatis,
730 1791 784 1816 basi
799 1791 916 1816 interiori
928 1792 989 1822 late,

80 1826 189 1851 maculis
206 1825 270 1850 disci
288 1825 305 1850 4
321 1825 450 1856 elongatis
467 1825 623 1858 punctisque
641 1826 731 1858 apicis,
749 1825 945 1857 nigricantibus.
964 1826 989 1853 ῼ.

83 1859 181 1891 (Long.
201 1861 233 1884 al.
252 1867 311 1892 exp.
329 1861 346 1891 ὲ
363 1860 442 1891 poll.)

114 1893 182 1918 Hah.
201 1893 228 1917 in
246 1893 304 1925 alpe
321 1893 416 1917 Dowre
432 1893 468 1917 D.
481 1893 639 1917 BOHEMAN·
675 1892 806 1925 (Lappon.
819 1891 988 1923 Norvegica.)

115 1928 140 1954 Ω.
165 1929 251 1949 Similis
270 1929 355 1948 videt-n·
373 1928 399 1949 l..
419 1929 540 1955 cyfi-sellae
558 1929 659 1951 Tnmrs,
678 1929 751 1949 Schm.
772 1930 795 1950 9.
814 1929 837 1950 2.
857 1935 879 1955 p.
894 1929 934 1950 99.
947 1929 989 1956 2ος

115 1963 154 1982 scd
173 1963 255 1982 alarum
275 1963 394 1982 auticarnm
419 1962 467 1981 basi
490 1966 510 1982 et
533 1962 632 1986 margine
656 1962 754 1982 interiori
773 1962 818 1981 fere
842 1963 869 1982 ad
888 1962 990 1986 medium,

115 1996 251 2022 maculisque
269 1995 293 2020 4,
311 2002 351 2015 nec
369 1996 392 2020 2,
410 1995 512 2019 oblongis
532 1996 612 2020 nigris,
632 2000 653 2015 ut
672 1998 693 2015 et
711 1996 783 2022 palpis
801 1996 880 2019 flavis,
898 1996 989 2015 articulo

114 2030 191 2050 ultimo
210 2030 288 2055 nigro,
316 2035 355 2049 nec
372 2029 445 2055 palpis
467 2028 627 2049 rufescentibns
653 2029 716 2055 apice
735 2029 800 2054 albu,
824 2029 851 2048 ab
869 2029 907 2048 illa
925 2029 989 2049 facile

114 2064 213 2085 dieuota.

117 2095 176 2119 Obs.
210 2096 266 2116 Lim
289 2095 419 2116 rhombella
443 2095 546 2117 TRElTs.
569 2094 645 2117 EilBN.
673 2092 784 2124 (mantella
807 2095 900 2116 ΤΙΙΓΝΒ.
926 2095 987 2116 Diss.

114 2130 160 2151 lns.
180 2130 218 2150 Sv.
238 2130 263 2149 P.
284 2131 308 2152 7.
326 2136 347 2156 p.
367 2129 424 2157 95.;
448 2129 600 2153 Westrogotli.
621 2129 759 2153 Gramma,
783 2129 888 2149 Smoland
907 2129 989 2153 Poma,

114 2164 196 2185 Scauia
219 2163 292 2183 Fau..
312 2167 334 2183 et
353 2169 408 2188 nos,
434 2160 524 2190 pass.);
549 2166 571 2183 et
589 2162 718 2182 heroldelln
742 2163 843 2184 Tarans,
866 2160 988 2191 (caesielln

114 2196 205 2222 fliius„
223 2197 304 2217 Scauia
321 2197 397 2218 Fau..
416 2206 448 2211 —
471 2196 517 2216 Sub
536 2197 624 2216 nomine
641 2195 805 2222 „hrpnnctella
829 2196 905 2216 Fann.
925 2197 989 2216 var.“

116 2237 129 2251 a
147 2230 223 2253 GYLL.
241 2237 253 2251 e
270 2229 386 2255 Westrog.
404 2228 502 2260 missa);
520 2230 649 2256 anponiae
667 2229 781 2256 profugae.

115 2311 219 2336 Subdiu.
238 2313 260 2336 3.
295 2313 352 2335 Alae
370 2314 453 2339 nigrae,
469 2314 557 2340 punctis
575 2313 590 2334 l.
609 2314 685 2338 strigis
703 2313 837 2333 transversis
855 2313 920 2333 albis.

82 2380 115 2403 ⁹.
151 2380 184 2402 1..
201 2378 369 2402 lun-iterra:
392 2377 441 2403 alis
459 2377 552 2403 anticis
570 2377 769 2410 purpurascenti
786 2377 882 2410 nigris,
900 2377 987 2402 fasciis

82 2411 193 2443 duabus,
210 2411 297 2436 antica
315 2411 433 2444 obliqua,
451 2412 551 2445 postica
569 2412 717 2443 sufflunata,
735 2411 809 2436 albis.
827 2414 853 2441 ῼ.
890 2412 988 2443 (Long.

82 2446 117 2471 al.
136 2453 196 2477 exp.
215 2447 228 2476 ὲ
248 2444 324 2477 poll.)

117 2478 186 2503 Hab.
210 2477 237 2502 in
261 2477 396 2510 Lapponia
414 2486 480 2509 rar.;
504 2479 531 2504 in
549 2478 705 2510 graminosis
723 2478 754 2503 ad
773 2478 899 2509 Lycksele
916 2478 988 2511 Lap-

83 2511 178 2545 poniae
191 2511 311 2535 Umensis
329 2511 354 2536 d.
372 2512 414 2537 23.
427 2512 496 2544 Jun.‚
514 2516 544 2537 ut
561 2516 587 2538 et
604 2513 672 2538 inter
690 2513 765 2537 Alteri
784 2515 809 2536 et
822 2512 987 2537 Kautokeino

82 2544 251 2570 Finmarkiae
268 2545 293 2568 d.
313 2545 353 2568 12.
372 2545 449 2576 Aug„
466 2554 482 2571 a
499 2554 540 2571 me
557 2550 642 2579 capta.
677 2545 852 2579 (Lapponia.)

116 2580 143 2605 9,
166 2581 234 2601 Lt'me
253 2580 389 2600 leucnceHae
406 2581 471 2601 [ΛΚΝ.
489 2582 582 2607 similis,
610 2583 648 2603 sed
668 2583 750 2602 alarum
768 2582 841 2602 colore
863 2586 885 2602 et
907 2582 987 2602 fascia-

116 2621 163 2635 rum
187 2615 257 2634 lor-ma
275 2618 332 2638 etc,
360 2620 411 2634 mox
434 2615 530 2639 dignata.
565 2616 637 2636 Frons
662 2616 727 2638 flava.
762 2616 878 2636 Antennae
901 2619 987 2640 tenues,

115 2649 201 2673 nigrae,
218 2647 379 2669 immaculatae.
414 2647 477 2674 Palpi
495 2652 518 2669 ut
535 2649 557 2669 in
575 2649 690 2677 affni'ellrc
708 2650 840 2674 constructi,
858 2650 918 2674 flavi,
936 2649 987 2668 arti-

115 2682 165 2703 culo
183 2681 260 2701 ultimo
279 2682 349 2705 nigro.
385 2680 471 2701 Collare
493 2685 515 2702 et
537 2683 614 2703 thorax
631 2684 896 2710 nigro-purpuramentis.
930 2682 987 2702 Alae

116 2715 203 2736 auticae
221 2715 491 2741 nigro-purpurascentes,
513 2715 589 2736 fasciis
608 2717 622 2738 2
646 2717 718 2742 albis,
742 2718 814 2737 antica
832 2716 934 2742 obliqua,
959 2716 985 2735 ad

115 2750 235 2774 marginem
253 2748 379 2768 interiorem
397 2748 538 2773 abbreviata,
564 2750 650 2775 postica
667 2750 750 2776 integra
768 2751 851 2773 lunata.
886 2749 985 2770 Fimbria

115 2783 186 2805 fusca.
221 2782 277 2803 Alae
294 2781 393 2809 posticae
410 2782 525 2807 cinereae,
549 2782 607 2803 ciliis
630 2784 794 2807 concoloribus.
830 2783 901 2804 Pedes
919 2783 985 2807 nigri-

115 2820 200 2841 cantes,
216 2816 284 2836 tarsis
302 2814 482 2837 albo-annulatis.

117 2848 175 2872 Oba.
195 2851 218 2872 1.
253 2849 309 2869 Lim
329 2847 430 2878 (Tinea)
458 2848 583 2868 lencatella
601 2848 668 2872 Lina.
686 2850 727 2870 ltu.
747 2850 787 2871 Sv.
810 2849 882 2872 1444.
908 2848 982 2869 fliius.

113 2883 191 2905 mun.
215 2881 323 2912 (Upsalia
346 2881 419 2911 rar.);
448 2882 583 2908 Scopolflla
614 2882 713 2903 Tum-rs.
747 2881 883 2912 (quadrella
907 2882 983 2903 Fami.

113 2920 171 2937 teste
184 2916 300 2944 Tnsirs.;
318 2917 339 2936 in
348 2916 413 2938 Snec.
427 2913 532 2944 rariss.);
551 2918 573 2936 et
590 2916 699 2936 cinctella
717 2916 782 2937 mun.
796 2917 839 2941 Fu.
852 2917 893 2938 δι’.
909 2916 982 2938 lssbO.

113 2953 172 2971 certe
191 2948 277 2980 (fluns.
297 2950 350 2973 Tin.
369 2950 399 2973 T.
417 2950 456 2971 21.
476 2949 492 2972 f.
513 2949 570 2973 142.
588 2953 656 2975 certe,
673 2949 748 2971 Faue..
767 2950 818 2972 Ent-
837 2951 898 2977 synt.
919 2950 941 2972 3.
956 2950 979 2971 2.

1072 165 1128 187 309.
1147 166 1202 192 97.;
1230 164 1284 185 Lim
1304 163 1424 184 corticella
1442 163 1540 184 antirs.
1565 165 1589 187 9.
1607 165 1632 186 2.
1656 171 1678 191 p.
1700 165 1755 187 104.
1773 165 1830 192 24.;
1853 165 1874 184 in
1894 164 1935 184 Ρο-

1071 199 1122 225 pulo
1140 199 1230 219 tremula
1248 199 1270 221 d.
1291 197 1391 220 2—20.
1413 197 1460 219 Jul.
1479 198 1613 223 Gottlandia,
1631 199 1697 218 Scan.
1717 199 1770 225 freq.
1790 209 1822 213 —
1847 198 1878 218 Ut
1897 198 1936 218 Τι’-

1070 238 1114 252 nea
1132 232 1241 252 ci'nctella
1265 238 1317 252 vera
1339 231 1406 251 LiNN.
1430 233 1451 250 et
1469 230 1543 250 FABR.
1567 233 1588 251 iu
1613 232 1694 252 muscis
1712 232 1811 252 Suecicis
1834 233 1936 259 exstat);

1070 266 1091 285 in
1111 266 1224 292 Lapponia
1242 272 1283 285 uon
1303 266 1410 285 inventae.

1073 304 1131 328 Obs.
1151 307 1174 328 2.
1211 307 1304 326 Rutulis
1329 305 1432 326 [imbelle
1457 305 1533 327 ann.
1558 305 1608 325 ΕΜ,
1632 306 1694 332 Syst.
1718 306 1742 327 3.
1767 306 1790 327 2.
1815 305 1871 327 304.
1894 306 1937 328 77.

1071 340 1170 359 ῙνιζεηΙΙιι
1188 340 1263 360 Fami.
1284 339 1376 368 Hiins,;
1399 340 1420 359 in
1440 338 1522 364 plantis
1541 339 1687 364 hortensibus,
1706 340 1727 359 in
1745 339 1874 366 parietibus,
1892 345 1937 358 mu·

1069 374 1101 393 ris
1125 377 1167 396 etc.
1191 374 1346 398 Ostrogothiac
1367 376 1389 393 et
1411 371 1505 393 Scauiae
1522 371 1545 393 4.
1563 372 1610 394 Jul.
1634 376 1654 392 ct
1680 374 1699 393 l.
1719 373 1782 398 Sept,
1807 373 1938 398 frequenter,

1069 407 1091 426 iu
1110 407 1187 433 copula
1205 414 1270 433 saepe
1289 410 1358 433 capta.
1378 417 1410 421 -—
1428 406 1445 426 Ε
1464 406 1556 432 nympha
1573 405 1682 425 declarata
1699 406 1780 432 prodiit
1796 408 1841 430 jam
1860 406 1880 425 tl.
1898 405 1936 427 14.

1069 440 1121 466 Maj.
1157 441 1180 460 ln
1199 441 1333 467 plantatione
1352 441 1477 461 Pinetorum
1495 439 1522 459 ad
1538 439 1628 459 staevie
1646 439 1738 459 Scaniae
1754 440 1800 459 Jul.
1819 436 1937 468 vulgaris).

1070 474 1197 500 Lapponiae
1215 474 1271 495 torte
1289 475 1361 497 exsul.

1256 629 1334 663 99·
1375 627 1564 662 Adela.
1606 627 1721 659 Lara.

1038 679 1159 705 Tmms.
1177 679 1264 705 Schm.
1283 687 1343 711 gen.
1359 680 1416 704 151.
1453 680 1530 703 Tinea
1548 679 1634 705 Lim«.
1652 678 1744 703 Fran.
1756 678 1850 703 Heus.
1864 678 1940 702 Auct.

1385 714 1484 737 Alucim
1503 713 1592 740 Fann.

1071 763 1233 795 Majuscnla,
1256 762 1355 794 media,
1379 770 1473 795 parva,
1497 762 1597 787 minuta
1621 763 1705 793 (long.
1730 762 1764 786 al.
1782 769 1842 794 exp.
1859 761 1940 793 «ἒ-ὶ

1037 797 1124 829 polla.
1163 798 1299 822 Antennae
1322 796 1483 827 longitudine
1507 795 1560 820 fere
1584 796 1699 828 corporis
1724 798 1768 820 aut
1791 795 1835 819 illo
1860 795 1943 819 multo

1037 830 1177 861 longiores.
1213 830 1286 863 Palpi
1306 830 1393 854 breves
1412 829 1544 861 cylindrici
1562 829 1745 854 snbiiliformes
1763 828 1883 853 hirsutuli
1900 836 1943 852 re-

1037 863 1123 895 curvi,
1148 864 1173 888 in
1199 868 1303 889 mortua
1326 871 1403 896 saepe
1429 863 1542 895 penduli.
1578 863 1680 895 Corpus
1699 863 1843 887 robustum.
1879 862 1944 886 Alae

1036 897 1137 921 anticae
1151 898 1296 929 elongatae,
1314 897 1387 930 apice
1400 897 1562 927 rotundatae,
1579 896 1605 921 in
1615 896 1702 929 quiete
1716 904 1805 928 parum
1818 895 1944 926 deflexae,

1037 939 1084 955 nec
1102 931 1294 961 incumbentes,
1318 931 1431 955 breviter
1448 931 1607 960 limbriatae3
1632 930 1745 963 posticae
1770 932 1879 959 anguste
1902 936 1943 953 se-

1038 964 1240 995 miorbiculares,
1259 964 1324 989 ciliis
1343 964 1507 988 mediocriter
1524 964 1616 994 longis.
1653 965 1724 987 Color
1739 963 1877 993 olivaeeus‚
1895 970 1944 987 au-

1037 1006 1106 1029 reus,
1124 998 1221 1029 fuscus,
1239 1006 1438 1030 purpurasccns,
1456 997 1595 1027 nigricans,
1613 997 1695 1021 rarius
1715 997 1855 1029 pallescens
1875 997 1890 1020 Ι.
1904 996 1944 1020 al-

1038 1032 1095 1062 bus,
1113 1032 1265 1064 saepissime
1283 1032 1435 1062 metallicus,
1454 1031 1560 1055 nitidus.
1598 1032 1706 1060 Pictura,
1725 1031 1784 1054 dum
1804 1030 1886 1061 adest,
1903 1029 1944 1053 fa—

1036 1065 1130 1095 sciata;
1155 1067 1211 1089 alae
1229 1073 1289 1089 vero
1309 1066 1458 1097 plerumque
1476 1064 1621 1089 unicolores
1640 1063 1828 1094 immaculatae,
1852 1067 1879 1088 at
1896 1071 1944 1087 an-

1038 1099 1103 1123 ticae
1127 1099 1256 1123 interdum
1281 1098 1361 1123 fascia
1383 1107 1442 1122 mox
1467 1106 1533 1130 pone
1558 1097 1668 1122 medium
1695 1097 1769 1121 unica
1788 1102 1944 1121 transversa.

1037 1133 1167 1157 Hubitatio
1185 1132 1211 1156 in
1231 1132 1379 1156 nemoribus
1405 1136 1431 1156 et
1449 1131 1556 1155 floribus
1574 1131 1752 1163 pratensibus;
1780 1139 1825 1163 per
1844 1134 1944 1162 partein

1037 1166 1187 1196 sylvaticam
1206 1165 1356 1198 Lapponiae
1380 1168 1405 1189 et
1429 1165 1609 1197 inferalpinam
1628 1164 1803 1189 Nordlandiae
1822 1164 1945 1188 Finmar-

1038 1199 1156 1231 kiaeque.
1202 1201 1305 1223 Tolenus
1328 1207 1405 1231 saepe
1430 1199 1565 1227 laborans,
1592 1198 1720 1222 interdum
1739 1199 1813 1222 celer.
1858 1199 1946 1221 Larua

1038 1234 1199 1263 cognitarum
1218 1234 1360 1263 cucullata,
1384 1233 1484 1257 cucullo
1509 1240 1523 1255 e
1541 1231 1609 1255 soliis
1627 1236 1653 1256 et
1671 1231 1821 1261 fragmentis
1839 1234 1945 1261 vegeta-

1039 1267 1144 1298 bilium,
1168 1274 1234 1299 quae
1253 1266 1379 1297 corrodit,
1404 1265 1522 1290 consecto
1546 1265 1694 1289 inhabitans
1717 1273 1774 1289 cum
1798 1265 1842 1289 illo
1860 1267 1944 1294 vagat.

1039 1300 1129 1333 (spec.
1149 1301 1243 1325 Scand.
1261 1300 1294 1324 36
1317 1300 1342 1324 in
1362 1307 1452 1324 museo
1471 1302 1560 1323 nostro
1578 1299 1686 1329 adsunt,
1712 1298 1831 1323 antennis
1849 1297 1945 1329 longis,

1039 1335 1125 1359 colore
1143 1334 1271 1359 metallico
1289 1333 1440 1366 saepissime
1459 1333 1540 1357 nitido
1559 1336 1610 1357 etc.
1629 1331 1775 1364 dignotae.)

1073 1418 1149 1443 Subd.
1170 1421 1192 1441 l.
1227 1420 1344 1440 Antcunae
1361 1420 1449 1439 circiter
1466 1418 1601 1443 longitudine
1620 1419 1727 1445 corporis.

1040 1487 1066 1510 ¹.
1102 1487 1136 1510 A.
1154 1485 1399 1509 Bohemnnelln:
1423 1483 1470 1508 alis
1495 1483 1586 1508 anticis
1610 1482 1733 1507 brunneis
1752 1482 1854 1515 opacis,
1879 1490 1947 1515 pun-

1040 1518 1086 1543 ctis
1105 1518 1197 1542 baseos
1216 1517 1375 1549 maculisque
1399 1522 1511 1549 quatuor
1532 1517 1612 1547 albis,
1640 1524 1748 1548 quarum
1772 1517 1788 1540 2
1806 1516 1946 1541 costalibus

1039 1556 1065 1576 et
1082 1552 1099 1576 2
1111 1551 1272 1582 dorsalibus3
1290 1551 1375 1583 capite
1387 1551 1463 1576 flavo.
1482 1554 1512 1583 g.
1542 1551 1639 1581 (Long.
1653 1551 1686 1574 al.
1700 1558 1758 1581 exp.
1772 1550 1826 1574 fere
1840 1550 1856 1582 ἐ
1869 1549 1946 1582 poll.)

1073 1586 1108 1610 Ut
1127 1587 1205 1610 Tinea
1222 1586 1320 1616 rapulla
1345 1585 1435 1610 Fusa.
1460 1585 1519 1609 Ent.
1539 1585 1607 1615 Syst.
1626 1584 1650 1607 3.
1669 1584 1693 1608 2.
1711 1584 1770 1608 315.
1792 1583 1854 1615 126,
1880 1591 1895 1607 a
1914 1584 1946 1608 D.

1041 1619 1223 1644 GYLLENHAL
1243 1618 1440 1648 communicata,
1459 1619 1502 1642 sed
1522 1618 1563 1642 vix
1582 1626 1652 1642 vera.

1074 1653 1142 1677 Hab.
1167 1652 1193 1676 in
1211 1651 1372 1683 inseralpinis
1391 1651 1526 1676 maritimis
1544 1651 1692 1681 Norvegiae
1710 1650 1820 1683 passim3
1849 1649 1947 1676 scilicet

1041 1686 1071 1711 ad
1091 1686 1246 1710 Raschstind
1264 1686 1291 1710 in
1309 1685 1393 1710 insula
1412 1685 1552 1711 Schiervoe
1569 1684 1753 1715 Nordlandiae,
1771 1688 1796 1709 et
1814 1684 1844 1708 ad
1865 1684 1947 1708 Gam-

1041 1720 1169 1745 stenstind
1186 1719 1368 1746 Finmarkiae,
1392 1719 1416 1743 d.
1435 1720 1484 1750 21,
1507 1719 1540 1743 28
1559 1722 1585 1743 et
1602 1719 1642 1742 31.
1661 1718 1710 1742 Jul.
1735 1726 1750 1742 a
1769 1726 1809 1742 me
1827 1718 1945 1746 inventa;

1041 1754 1118 1778 etiam
1137 1761 1151 1778 e
1168 1752 1244 1786 pupis
1262 1752 1408 1784 cylindricis
1426 1752 1550 1777 subnudis
1575 1760 1620 1776 seu
1639 1752 1697 1784 pilis
1715 1751 1838 1775 solitariis
1856 1750 1946 1783 paucis

1041 1787 1184 1819 adspersis,
1208 1790 1233 1811 el*
1258 1786 1312 1811 fere
1335 1786 1465 1817 laevibus,
1489 1786 1578 1816 flavis,
1606 1785 1631 1809 in
1651 1785 1730 1815 fungo
1754 1785 1856 1809 betulae
1873 1784 1947 1809 albae

1041 1821 1122 1854 captis
1145 1820 1271 1850 imagines
1293 1828 1383 1845 versus
1407 1821 1484 1844 linem
1509 1820 1570 1844 Julii
1594 1819 1754 1852 prodierunt.
1797 1818 1947 1851 (Lapponia

1040 1854 1209 1885 Norvegica.)

1074 1892 1104 1921 3.
1129 1890 1255 1915 Magnitudo
1273 1889 1320 1909 fere
1337 1890 1440 1918 Lampr.
1457 1887 1614 1919 major-ellae,
1633 1889 1716 1915 pictura
1733 1888 1833 1915 Lampr.
1845 1885 1947 1915 sulphu-

1074 1923 1160 1948 rellae,
1178 1924 1205 1943 ab
1224 1928 1314 1949 utraque
1332 1930 1384 1943 vero
1402 1923 1516 1949 palporum
1535 1922 1606 1942 forma
1623 1923 1698 1942 statim
1716 1922 1805 1946 dignata
1823 1924 1857 1941 est
1871 1924 1947 1941 nostra

1075 1959 1169 1984 sper-ies.
1204 1957 1392 1981 Nigro-brunnen,
1411 1957 1483 1983 capite
1500 1957 1567 1976 dense
1585 1955 1742 1975 flavo-villoso.
1778 1955 1892 1975 Antennae
1909 1960 1946 1973 an-

1074 1992 1168 2015 nulatae,
1186 1991 1284 2011 articulis
1303 1990 1416 2010 basalibus
1436 1991 1446 2011 l
1467 1993 1488 2010 et
1505 1990 1529 2014 2,
1548 1993 1571 2009 nt
1587 1993 1609 2009 et
1627 1989 1740 2015 palpormn
1758 1988 1850 2008 articulo
1868 1987 1946 2008 ultimo

1074 2029 1147 2049 recto,
1171 2025 1244 2044 flavis.
1286 2024 1342 2044 Alae
1361 2024 1447 2043 anticae
1466 2023 1649 2048 nigro-lirunneae
1672 2029 1767 2048 opacae,
1794 2022 1840 2041 basi
1859 2021 1946 2048 punctis

1076 2059 1184 2081 10—12
1202 2058 1332 2078 inordinatis
1351 2057 1484 2083 maculisque
1508 2057 1528 2076 in
1553 2056 1640 2081 singula
1663 2056 1698 2075 ala
1715 2059 1807 2081 quatuor
1824 2055 1945 2081 subaequa-

1073 2092 1124 2112 liter
1140 2092 1240 2116 magnis,
1264 2098 1341 2117 nempe
1359 2091 1373 2112 2
1392 2091 1517 2110 dorsalibus
1535 2090 1687 2110 communibus
1707 2088 1762 2117 (nna
1782 2089 1854 2108 antica
1877 2091 1898 2108 et
1915 2088 1946 2107 al-

1074 2129 1120 2146 tera
1138 2126 1165 2145 ad
1184 2125 1284 2150 angulum
1303 2122 1369 2152 ani),
1392 2128 1413 2144 et
1431 2125 1445 2145 2
1465 2124 1590 2144 lateralibus
1609 2124 1652 2143 situ
1671 2129 1719 2143 cum
1739 2123 1862 2142 dorsalibus
1881 2121 1945 2141 alter-

1074 2159 1190 2184 nantibus,
1208 2159 1274 2180 alhis.
1309 2158 1406 2178 Fimbria
1424 2158 1516 2177 obscure
1534 2157 1596 2177 fusca
1613 2157 1640 2177 ad
1657 2163 1764 2176 summu·
1783 2157 1866 2182 apicem
1885 2155 1945 2174 alho-

1073 2193 1190 2214 maculata.
1224 2192 1280 2212 Alae
1297 2192 1398 2218 posticae
1421 2197 1469 2211 cnm
1493 2191 1579 2211 fimbria
1596 2191 1793 2215 griseo-cinereae,
1815 2192 1878 2209 costa
1895 2188 1943 2208 husi

1073 2227 1131 2248 alba,
1167 2226 1238 2246 Pedes
1256 2225 1354 2252 obscuri,
1372 2225 1439 2245 tarsis
1457 2224 1635 2244 albo-annulatis.

1073 2260 1182 2282 Nohiliss,
1200 2259 1266 2281 Dom.
1285 2259 1311 2281 C.
1329 2259 1358 2281 H.
1376 2259 1506 2283 Bonnam,
1531 2258 1667 2284 Capitaneo,
1690 2256 1819 2276 Dowreeusi
1839 2258 1860 2275 et
1878 2254 1944 2275 Dale-

1072 2293 1167 2314 carlensi
1185 2292 1344 2317 Peregrinatori
1361 2292 1457 2316 laudato,
1476 2292 1497 2311 iu
1517 2292 1557 2311 hoc
1575 2291 1680 2317 opusculo
1694 2296 1761 2315 saepe
1776 2289 1852 2313 citato,
1870 2295 1882 2308 e
1896 2288 1943 2308 suis

1073 2328 1165 2347 detectis
1188 2326 1305 2346 multorum
1329 2326 1489 2352 praeclarorum
1508 2325 1701 2351 Lepidopteroruui
1721 2329 1805 2343 mecum
1823 2322 1944 2343 communi-

1073 2361 1141 2381 catori
1159 2360 1246 2387 species
1264 2360 1316 2380 haec
1334 2360 1415 2379 arctica
1433 2363 1493 2383 grate
1511 2358 1537 2377 ab
1556 2358 1627 2377 aulico
1645 2363 1685 2377 suo
1703 2357 1785 2378 dicatu.

1037 2411 1069 2434 2.
1104 2411 1139 2432 Α.
1159 2409 1362 2432 Nnezenella:
1385 2406 1432 2431 alis
1450 2405 1542 2430 anticis
1560 2403 1757 2437 purpurascenti
1778 2403 1881 2436 cupreis
1900 2402 1943 2428 ni-

1039 2442 1108 2473 tidis,
1126 2441 1233 2466 maculis
1252 2444 1364 2473 quatuor
1381 2439 1482 2471 albidis,
1500 2446 1608 2471 quarum
1626 2439 1642 2462 2
1654 2438 1792 2462 costalibus
1811 2441 1836 2461 et
1848 2437 1865 2461 2
1881 2436 1943 2462 dor-

1038 2476 1150 2506 salibn53
1170 2475 1255 2508 capite
1272 2475 1348 2498 flavo.
1367 2474 1415 2505 0⁷9.
1453 2473 1550 2503 (Long.
1569 2473 1602 2497 al.
1621 2480 1681 2504 exp.
1703 2472 1777 2504 }—3
1798 2471 1873 2503 poll.)

1083 2510 1189 2534 'sartrix
1212 2509 1376 2533 Naezeniana
1399 2507 1516 2531 Tuusn.
1540 2506 1598 2531 Act.
1621 2505 1709 2530 noim.
1733 2504 1808 2530 1797.
1839 2512 1864 2538 p.
1882 2504 1942 2529 169.

1071 2563 1139 2601 Hz‘i'h.
1158 2575 1185 2600 in
1203 2573 1354 2607 Lapponiae
1371 2571 1533 2605 inseralpinis
1551 2579 1618 2602 rar.;
1637 2571 1668 2596 ad
1683 2570 1837 2596 Raschstind
1855 2570 1881 2595 in
1900 2570 1942 2596 in-

1037 2611 1094 2634 sula
1108 2609 1246 2634 Schiervoe
1259 2608 1380 2632 26-28,
1392 2607 1443 2632 Jul.
1457 2610 1595 2638 utrumque
1607 2613 1699 2630 sexum
1713 2605 1772 2636 legi.
1808 2605 1941 2637 (Lappon.

1038 2643 1196 2673 Nori-egica,
1220 2641 1313 2667 Suecia
1336 2641 1367 2665 ad
1393 2640 1724 2677 Klaeqkarevallenprope
1748 2639 1836 2663 urbem
1860 2636 1941 2662 Uinea

1015 2675 1016 2680 ¹
1037 2676 1212 2702 Nordlandiae
1235 2678 1261 2700 et
1283 2674 1314 2699 ad
1338 2675 1437 2699 Arnaes
1460 2677 1686 2705 Angermanmae,
1712 2673 1790 2698 Dom.
1807 2673 1940 2702 NaszsN,

1037 2710 1097 2735 olim
1116 2709 1209 2734 Medic.
1228 2707 1384 2733 Provincial.
1403 2707 1430 2732 in
1447 2706 1554 2737 Umei‘i.)

1069 2745 1116 2775 (39.
1140 2745 1226 2766 Similis
1245 2745 1347 2773 Lampr.
1365 2741 1498 2772 capuanae
1515 2743 1596 2772 Lrnm3
1619 2742 1658 2762 sed
1683 2741 1766 2762 alarum
1783 2740 1875 2761 maculis
1893 2738 1939 2760 fere

1069 2778 1198 2803 majoribus,
1215 2778 1304 2802 albidis,
1322 2783 1362 2798 nee
1378 2777 1528 2802 flavo-aureis,
1545 2779 1567 2797 et
1584 2775 1655 2802 pulpis
1673 2775 1738 2800 aliis,
1756 2776 1810 2795 bene
1827 2774 1938 2795 distincta,

1068 2813 1088 2832 A
1108 2813 1183 2838 priori,
1201 2813 1234 2831 cui
1253 2812 1318 2831 etiam
1337 2811 1432 2836 similis,
1455 2810 1604 2835 magnitudine
1620 2809 1712 2834 minori,
1734 2808 1807 2829 colore
1824 2807 1868 2826 alio
1886 2810 1938 2831 etc„

1068 2845 1133 2865 facile
1156 2845 1301 2870 dignoscitur,
1341 2845 1412 2871 Caput
1434 2843 1616 2867 flavo-villosum,
1657 2843 1719 2868 Palpi
1737 2841 1820 2868 pallidi.
1855 2840 1938 2860 Anten-

1068 2885 1108 2899 nae
1126 2879 1250 2901 annulatae.
1283 2879 1340 2899 Alae
1358 2878 1443 2898 amicae
1461 2884 1553 2904 cupreae
1571 2877 1661 2901 nitidae,
1679 2875 1769 2895 maculis
1787 2873 1802 2895 4
1816 2874 1838 2893 in
1851 2872 1938 2897 singula

1068 2913 1103 2932 ala
1119 2913 1214 2937 albidis,
1236 2915 1261 2932 ut
1277 2912 1300 2932 iu
1317 2912 1385 2938 priori
1403 2911 1532 2940 dispositis,
1562 2911 1632 2937 prima
1657 2915 1694 2929 sen
1714 2907 1784 2927 basuli
1802 2906 1880 2931 majori
1899 2906 1937 2926 ob-

1067 2946 1247 2973 longo-quadrata
1264 2946 1354 2973 obliqua
1370 2945 1416 2967 fere
1432 2948 1501 2967 totam
1519 2945 1654 2966 latitudinem
1670 2944 1804 2969 occupant03
1823 2940 1845 2960 in
1863 2939 1936 2960 medio
