2194 3208
73 55 133 87 881
822 54 1202 87 PROEMIUM.
1879 56 1942 89 882

74 160 263 197 gracilibus
286 161 314 188 et
336 161 481 195 teneris‚·
510 168 546 188 an
571 157 653 188 larva
675 161 826 194 spinosa,
849 161 988 194 παῖσα,-
1011 166 1048 186 au
1064 155 1186 197 denique
1205 167 1300 197 palpa
1322 160 1491 186 succincta
1514 168 1537 187 s.
1560 163 1588 188 et
1610 169 1665 189 ano
1688 163 1717 189 et
1739 159 1788 190 filo
1811 158 1943 200 alligata,

71 203 220 237 pendula
244 199 261 230 Ι.
285 209 340 230 ano
364 204 471 229 tantum
496 210 656 242 suspensa,
679 200 816 240 majorem
841 199 1028 242 perfectionis
1051 198 1172 240 gradum
1195 200 1379 240 significent,
1413 199 1482 229 mibi
1516 210 1626 240 quoque
1661 201 1799 232 hactenus
1821 201 1944 243 perinde

75 243 185 280 visum,
209 253 245 272 an
269 241 424 272 ΙΛΝΝΑΕι
449 242 650 281 A‘ynepltales
672 243 860 271 Heliconii&
884 240 1038 283 antepositi
1062 241 1190 278 t‘uerint3
1215 248 1243 271 et
1265 242 1307 272 sic
1330 240 1500 271 annulorum
1525 242 1628 272 seriem
1654 243 1682 273 in
1706 243 1874 273 centenaria
1897 254 1945 274 ca-

76 289 143 314 tena
166 285 306 324 frangere
329 283 417 314 uolui.
464 284 571 325 Longe
595 285 707 314 interea
730 283 806 313 absit
835 290 863 314 ut
892 283 1055 325 elegantem
1085 282 1275 325 improbarem
1304 283 1434 313 ordinem
1465 294 1481 313 a
1512 283 1548 313 1).
1577 283 1780 315 [tuisne-vm,
1810 285 1945 325 electum,

75 336 130 367 quo
152 325 208 357 Vir
230 325 501 367 experientissinuts
525 327 584 356 suis
608 328 878 363 I’apilionidibns
912 325 1034 360 (nostris
1067 326 1326 365 llexapmlihus)
1356 325 1432 355 inter
1459 325 1710 362 [Μυραῖοι-εγω
1742 327 1882 369 primum,
1915 332 1945 358 et

74 368 351 407 A'ympltalc'tlibus
375 371 660 408 Satyridibchne
683 368 806 407 (nostris
836 368 1088 405 Tetrapotlibvs)
1114 368 1176 397 l'ere
1207 368 1333 398 ultimum
1364 367 1463 397 tribuit
1490 367 1593 397 locum.
1638 368 1710 398 Eum
1735 374 1842 399 tantum
1866 369 1945 400 ordi-

73 420 139 440 nem
164 415 260 453 utpote
285 411 444 441 naturalem
468 418 496 441 et
519 422 562 440 me
583 411 680 451 judice
704 410 798 449 magis
822 410 1041 440 convenientem
1065 409 1092 438 iu
1119 409 1307 451 dispositione
1331 410 1504 439 servandum
1527 420 1594 439 esse
1617 410 1804 449 crediderim,
1826 415 1856 441 ut
1877 413 1944 441 Pa-

70 455 217 489 piliomex
240 455 428 490 tetrapodes
451 463 468 482 a
491 453 610 493 reliquis
633 453 759 493 separati
782 458 995 495 proponantur,
1017 452 1292 491 Lycaeuitlesrsne
1313 452 1504 489 hex-apodes
1527 462 1659 494 parvae„
1684 451 1772 481 larvis
1795 463 1812 482 a
1834 458 1945 483 cetera-

75 505 136 524 rum
160 494 428 537 Rliopalocerarnm
452 499 497 525 sat
519 494 675 524 dissimiles
690 517 696 529 ,
721 494 819 524 babitu
843 499 873 524 et
894 493 1021 524 moribus
1044 494 1078 522 ad
1102 495 1309 531 [les-[termes
1332 494 1469 536 aptiorem
1494 494 1646 524 transitum
1670 493 1850 532 efficientes,
1874 501 1945 525 tam-

74 546 156 577 quam
182 537 356 579 penultimae
386 537 646 579 Lepidopterorum
676 536 845 567 diurnorum
875 536 1085 567 describantur.
1131 536 1259 576 sinitque
1287 537 1363 566 inter
1386 547 1486 566 omnes
1509 536 1645 566 convenit
1677 537 1798 566 sormam
1832 549 1946 566 raram

74 584 102 608 et
124 582 333 618 singularem
357 590 414 609 non
439 590 504 609 esse
528 578 623 617 illam,
646 589 718 618 quae
741 582 839 621 typum
863 578 1036 608 insectorum
1062 577 1188 607 familiae
1214 579 1231 608 Ι.
1250 578 1388 608 sectionis
1411 578 1560 619 cujusdam
1584 578 1689 619 optime
1712 578 1863 619 exprimit3
1893 579 1945 610 sed

74 620 150 650 bunc
173 628 271 663 typum
296 621 389 664 potius
413 621 440 651 in
465 621 559 651 forma
581 624 726 650 mamilae
748 624 908 650 commum?
936 626 964 650 et
986 622 1140 658 vulgari,
1174 630 1302 661 quaeque
1327 620 1561 661 frequentissime
1584 620 1710 657 obtinet,
1739 620 1946 660 quaerendum,

74 662 150 693 baud
173 674 284 704 quoque
307 663 473 706 spernenda
495 663 569 693 ratio
593 663 697 693 adesse
719 663 788 693 milti
813 663 942 702 videtur,
991 663 1164 693 l'uuessam
1198 664 1332 692 Crticae
1366 663 1394 693 in
1430 663 1522 705 capite
1545 665 1794 700 Pupilionitlum
1817 662 1946 692 familiae

73 705 243 736 collocandi.

225 746 345 779 vastum
368 746 438 778 illud
454 746 660 777 Linnaeanum
684 757 789 786 genus,
802 748 971 783 Noc-mmm,
995 750 1152 788 praeeunte
1165 746 1411 777 excellentissimo
1424 745 1948 789 LepidopterologoTRstcnKE,

73 799 155 829 quem
179 789 264 820 etiam
289 790 318 820 in
343 789 502 831 generibus
525 789 705 830 sequentium
730 789 903 820 familiarum
928 789 1085 825 condendis
1116 795 1194 819 arcte
1228 794 1343 819 secutus
1379 799 1457 827 sum,
1486 789 1514 818 in
1546 789 1628 830 plura
1651 788 1759 827 dividi,
1783 798 1839 818 non
1864 789 1946 829 quasi

74 841 189 873 semper
211 842 368 874 persuasus
392 831 532 869 fuissem,
555 832 652 862 onmia
674 836 703 861 et
724 831 844 873 singula
874 832 972 861 horum
1003 841 1160 871 generum,
1183 835 1328 861 structura
1356 831 1477 873 partium
1506 831 1579 872 apud
1610 830 1754 871 imagines
1783 830 1946 861 declaratas

93 884 174 904 arum
198 874 394 917 discrepantia
416 873 562 910 naturalia
585 884 651 904 esse
674 878 702 904 et
725 873 922 904 essentialiter
944 872 1093 910 distincta3
1118 873 1168 903 sed
1193 884 1247 914 quo
1270 873 1383 916 species
1406 873 1492 914 hujus
1516 873 1671 914 phalangis
1695 872 1876 912 innumerae,
1899 882 1948 903 co-

73 883 135 946 Γοτθ
157 920 186 946 et
208 916 318 958 pictura
340 927 428 958 saepe
447 915 519 946 mire
542 915 675 954 diversa,
699 916 814 946 facilius
837 916 976 956 citiusque
999 915 1186 945 inveniantur
1209 921 1236 945 et
1254 915 1467 946 examinentur.
1495 914 1652 945 Fati-amur
1673 915 1786 955 quidem
1810 914 1882 945 haec
1904 915 1947 946 sic

73 963 174 988 vocata
198 959 333 996 Genera,
357 958 499 1000 ejusmodi
524 958 600 988 notis
624 958 827 989 vacillantibus
850 962 1063 1000 superstructa,
1086 960 1336 988 Subtlivisiones
1365 957 1384 987 l.
1407 959 1605 996 vageuera
1634 957 1748 987 meliori
1777 957 1852 987 sorte
1877 957 1947 998 jure

72 1000 193 1030 salutari
217 1001 355 1043 potuisse.
379 1000 536 1031 Fateamur
559 1006 653 1031 tamen
678 1000 795 1031 insimul
818 1004 940 1043 oportet,
960 1004 1055 1030 certas
1079 1000 1165 1041 hujus
1188 1000 1223 1030 de
1246 1006 1342 1030 cetero
1365 1001 1553 1042 scrupulosae
1577 999 1705 1029 familiae
1728 999 1862 1029 cohortes
1887 1009 1946 1029 non

72 1042 164 1073 solum
188 1043 279 1083 quoad
304 1043 460 1085 picturam,
485 1053 582 1073 verum
607 1043 691 1073 etiam
717 1042 977 1085 metamorphosin,
1000 1042 1076 1072 inter
1099 1054 1131 1073 se
1154 1046 1199 1072 sat
1221 1048 1429 1083 congruentes,
1453 1047 1482 1072 at
1504 1052 1565 1071 cum
1591 1041 1655 1071 aliis
1679 1041 1845 1071 cohortibus
1868 1041 1947 1071 intra

72 1085 193 1115 eandem
218 1085 356 1115 saiuiliam
381 1095 482 1115 rursus
506 1085 680 1123 dissimiles,
705 1086 799 1127 potius
823 1095 934 1125 genera
956 1085 1074 1126 propria
1097 1095 1179 1125 quam
1205 1084 1400 1114 tantummodo
1423 1084 1535 1126 species
1551 1084 1684 1114 diversas
1699 1084 1831 1126 prodere.
1854 1083 1947 1114 Prae-

71 1132 151 1157 terea
174 1127 254 1167 quasi
279 1127 373 1168 magis
395 1127 569 1157 attendimus
593 1127 627 1158 ad
652 1128 777 1166 formas,
801 1138 872 1168 quae
895 1136 999 1157 nomen
1023 1133 1051 1157 et
1073 1127 1245 1169 dignitatem
1271 1128 1412 1156 Generis
1435 1126 1556 1168 adeptae
1579 1132 1662 1165 sunt,
1685 1136 1768 1166 quam
1792 1136 1864 1166 quae
1887 1136 1946 1156 non

32 1188 38 1197 ι
71 1169 129 1200 nisi
151 1170 397 1200 ,subdivisiones
420 1169 438 1200 1.
461 1171 657 1209 Svhgenera
686 1170 814 1200 audiunt.
1492 1184 1494 1186 ’

224 1212 296 1242 Cum
322 1212 389 1242 mihi
415 1212 467 1242 bac
492 1212 552 1242 vice
576 1212 667 1242 defuit
690 1218 785 1254 optata
808 1211 920 1242 occasio
944 1211 1056 1254 species
1080 1210 1114 1241 ad
1138 1213 1458 1248 Microlepidoptera
1481 1214 1509 1240 et
1538 1208 1692 1252 praecipue
1720 1209 1756 1240 ad
1780 1209 1947 1252 copiosissi-

71 1263 144 1283 mam
168 1253 246 1284 illam
277 1256 455 1284 Tinearnm
478 1261 623 1284 catervam
649 1260 813 1284 muneratas
828 1278 835 1290 7
858 1264 928 1295 quas
953 1265 968 1284 e
993 1253 1148 1296 Lapponia
1171 1264 1280 1284 mecum
1305 1253 1419 1283 domum
1450 1252 1616 1294 reportavi,
1641 1262 1692 1294 pro
1716 1251 1814 1282 libello
1846 1257 1946 1282 nostro

70 1294 235 1326 illustrandi
260 1296 380 1337 figuris,
410 1297 475 1326 sine
498 1297 600 1337 quibus
624 1297 708 1326 etiam
732 1297 873 1338 prolixior
895 1296 1051 1338 descriptio
1076 1296 1175 1326 borum
1205 1295 1462 1326 minutissimorum
1494 1294 1756 1337 Lepidopterorum
1786 1304 1874 1336 saepe
1896 1304 1948 1324 va-

70 1337 164 1377 cillat,
186 1338 285 1368 varias
310 1339 426 1376 harum,
459 1338 545 1369 immo
573 1339 649 1369 sorte
672 1349 763 1369 novas
799 1339 925 1376 formas,
959 1338 1009 1368 sed
1041 1338 1069 1368 in
1104 1338 1310 1380 speciminibus
1341 1337 1415 1367 baud
1445 1337 1551 1379 optime
1580 1336 1761 1366 conservatis
1784 1340 1947 1376 exstantes,

69 1379 147 1410 omni
169 1379 287 1413 silentio
311 1381 364 1411 hoc
387 1387 515 1423 tempore
538 1381 699 1423 praeterire
723 1380 825 1411 melius
848 1380 933 1419 duxi,
963 1391 1045 1421 quam
1070 1391 1170 1410 ansam
1194 1380 1375 1410 confusionis
1399 1379 1469 1409 dare
1492 1379 1618 1409 incertas
1648 1383 1676 1408 et
1704 1378 1856 1419 ambiguas
1880 1388 1947 1421 pro-

70 1422 203 1464 ponendo
227 1423 355 1465 species3
379 1434 394 1453 e
418 1424 500 1465 copia
524 1433 593 1454 vero
616 1423 721 1453 messis
745 1424 859 1461 sactae,
888 1423 998 1453 fortnas
1028 1422 1125 1453 colore
1154 1427 1202 1452 aut
1230 1422 1341 1465 pictura
1370 1421 1551 1462 insigniores
1581 1426 1611 1450 ut
1633 1426 1661 1450 et
1689 1425 1753 1463 post
1776 1420 1894 1461 longam
1917 1424 1948 1451 et

69 1463 218 1495 difficilem
242 1465 472 1507 deportationem
496 1465 614 1496 illaesas
638 1465 783 1508 depromsi
807 1465 1027 1507 depromtasque
1056 1464 1183 1495 fideliter
1211 1464 1377 1495 describere
1411 1463 1523 1494 conavi.
1568 1462 1600 1493 Si
1625 1467 1720 1492 tamen
1745 1473 1862 1493 errores
1885 1462 1947 1493 evi-

69 1511 132 1536 tare
154 1517 211 1537 non
235 1508 333 1550 potui,
357 1507 403 1538 vel
426 1508 452 1538 si
474 1507 577 1538 dubias
600 1507 755 1548 aliquando
778 1507 886 1538 invitus
910 1507 1014 1546 attuli,
1036 1506 1066 1538 id
1088 1507 1117 1537 in
1141 1507 1289 1550 praesenti
1318 1505 1695 1549 Microlepidopterologiae
1718 1510 1794 1535 statu
1818 1504 1946 1547 henigne

68 1554 234 1581 excusetur.

218 1591 252 1622 In
276 1591 518 1622 determinatione
541 1591 752 1632 magnitudinis
775 1602 826 1622 seu
850 1591 1014 1622 adcuratius
1038 1591 1142 1621 dictum
1166 1593 1385 1630 longitudinis
1409 1595 1497 1620 inter
1513 1593 1589 1619 alas
1602 1599 1783 1626 expansas,
1808 1588 1843 1620 ad
1862 1599 1947 1630 quam

68 1643 206 1663 mensura
228 1645 354 1664 suecana
378 1633 465 1675 (quae
496 1633 626 1685 pollicem
650 1634 678 1664 in
702 1633 722 1664 8
746 1634 838 1664 lineas
862 1634 977 1673 dividit)
1007 1633 1137 1664 adhibita
1158 1634 1228 1673 suit,
1257 1640 1355 1676 partes
1385 1632 1498 1674 pollicis
1522 1631 1688 1669 numeravi,
1712 1630 1746 1661 ad
1771 1631 1864 1662 lineas
1886 1641 1947 1662 non

67 1675 156 1706 anxie
179 1687 224 1706 me
247 1676 446 1717 adstringens.
491 1676 549 1706 bed
574 1686 632 1706 non
656 1681 765 1706 tantum
791 1676 864 1706 banc
887 1676 1110 1718 longitudinem,
1135 1686 1233 1706 verum
1257 1676 1342 1706 etiam
1366 1676 1438 1705 alias
1463 1680 1559 1713 notas,
1581 1674 1610 1703 in
1634 1674 1802 1704 charactere
1825 1673 1947 1715 generis

66 1716 187 1757 allatas,
211 1718 324 1761 species
347 1723 376 1748 et
397 1718 585 1761 Lapponicas
608 1726 637 1748 et
659 1717 798 1749 Suecicas
821 1719 969 1761 respicere
991 1718 1084 1759 iisque
1108 1718 1298 1749 communiter
1325 1717 1498 1760 saepissime
1522 1716 1672 1759 adoptatas
1696 1725 1784 1755 esse,
1807 1716 1948 1746 observa-

66 1766 124 1790 tum
147 1760 256 1791 habere
279 1760 368 1791 volui.

218 1802 364 1833 Auctores
388 1803 416 1833 in
440 1803 495 1833 hac
518 1802 640 1833 Faunae
663 1809 745 1845 parte
769 1802 865 1842 citati,
887 1806 916 1832 et
938 1812 1058 1843 quorum
1083 1812 1174 1845 opera
1198 1802 1454 1844 (paucissimorum
1478 1800 1622 1844 exceptis)
1652 1800 1714 1843 ipse
1738 1799 1796 1831 vidi
1819 1804 1847 1831 et
1869 1810 1945 1832 com·
1972 1814 1977 1818 ·

65 1844 183 1885 paravi,
206 1850 361 1885 sequentes
385 1850 466 1875 sunt:

149 1887 294 1922 Ananim,
316 1889 402 1918 Faun.
426 1890 479 1916 Ins.
502 1889 597 1926 Europ.
621 1899 682 1916 cura
705 1890 849 1916 Grumum
874 1888 951 1915 Fasc.
977 1888 1099 1916 1—19.
1123 1889 1201 1915 Halle
1225 1887 1452 1916 1812-1831,

148 1930 432 1965 Beaosramssmz,
455 1931 629 1968 Naturgescb.
654 1931 698 1958 der
720 1931 815 1967 Europ.
837 1930 962 1958 Schmett.
989 1941 1046 1958 cum
1070 1932 1112 1969 lig.
1136 1932 1214 1958 color.
1258 1931 1353 1957 Hanau
1378 1930 1468 1959 1779.

150 1972 377 2006 Bai-:nannum
400 1973 458 2001 Act.
482 1974 571 2001 Holm.
596 1972 697 2006 1778,
722 1972 799 2000 1781
826 1978 850 1999 et
875 1971 965 2000 1785,

150 2015 327 2049 Incensura,
349 2015 515 2043 Enumeratio
539 2016 634 2043 Insect.
657 2018 683 2042 in
708 2015 802 2042 Museo
826 2024 883 2042 suo.
927 2014 1036 2053 Stockh.
1062 2013 1152 2042 1820.

148 2057 297 2084 Boni-:MAN
312 2079 320 2092 ‚
345 2058 496 2094 Oecopbora
517 2058 655 2085 Linneella
678 2062 702 2084 et
724 2057 858 2084 Roesella.
881 2056 941 2084 Act.
964 2058 1053 2084 Holm.
1079 2055 1170 2084 1838.

148 2099 239 2133 Rom,
260 2100 430 2137 Fortegnelse
454 2110 515 2127 over
537 2100 635 2127 danske
658 2104 706 2127 etc.
735 2099 937 2137 Somtnerfugle3
981 2102 1007 2127 in
1029 2099 1142 2126 Naturb.
1171 2098 1316 2126 Tidsskrift
1347 2100 1376 2126 af
1402 2098 1526 2132 Kroeyer.
1554 2097 1683 2134 Kjiibenb.
1714 2095 1943 2126 1837-1838.

264 2142 330 2169 lIeft
353 2141 457 2170 5-6.

146 2182 342 2218 Bomonun,
372 2185 441 2212 leon.
470 2184 515 2211 des
546 2182 684 2220 Lepidopt.
712 2182 834 2220 d‘Eusop.
865 2182 880 2210 l
902 2182 1006 2211 -42,
1036 2182 1277 2211 1832ffl1835.
1302 2198 1341 2201 -—
1365 2188 1389 2210 et
1417 2182 1514 2219 Europ.
1548 2181 1685 2219 Lepidopt.
1715 2181 1795 2209 Index
1826 2179 1942 2208 Method.

263 2227 339 2254 Paris
365 2226 454 2254 1829.

147 2266 375 2301 Romanunm,
399 2270 509 2304 Nature.
533 2268 577 2296 der
599 2269 696 2305 Europ.
719 2267 843 2295 Schmett.
866 2267 944 2294 Tom.
973 2265 1001 2295 5.
1024 2268 1167 2295 Frankfurt
1195 2265 1425 2295 1788-179-1.

151 2317 176 2336 v.
200 2309 437 2345 Cuinvmnm,
461 2305 501 2338 (lie
524 2311 637 2338 Ziinsler
658 2316 705 2338 etc.
729 2309 935 2347 Btaunscbweig
961 2309 1052 2337 1821.

149 2350 319 2383 Dntmaeom,
341 2353 375 2381 A.
400 2355 454 2387 (;.‚
482 2353 661 2391 Jakttagelser
689 2353 777 2380 oefver
805 2351 1012 2379 Skandinaviens
1040 2352 1187 2389 Fjaerillar.
1220 2351 1295 2379 Diss,
1324 2351 1405 2378 Aca-l.
1437 2349 1522 2377 Luud.
1559 2347 1648 2376 1836.
1678 2357 1734 2375 cum
1765 2347 1830 2374 Tab.
1854 2362 1894 2366 -—
1918 2351 1941 2374 et

267 2394 476 2423 Skandinaviska
500 2396 632 2423 Insekters
654 2395 743 2422 Skada
765 2393 813 2421 och
835 2394 924 2427 Nytta.
970 2394 1058 2423 Lund.
1084 2393 1175 2422 1837.
1198 2404 1254 2421 cum
1278 2394 1343 2420 Tul».
1369 2394 1395 2420 2.
1420 2408 1460 2412 ——-
1484 2391 1604 2428 Ejusdem
1629 2390 1815 2425 ipononwuta,
1839 2392 1864 2416 in
1882 2388 1941 2416 Act.

265 2436 354 2464 Holm.
379 2437 460 2467 1835
483 2448 539 2466 cnut
564 2439 608 2475 lig.
631 2453 672 2458 —
694 2436 817 2474 Ejusdem
840 2436 1006 2473 Ypsolopbus
1030 2434 1170 2473 (l'lutella)
1194 2434 1375 2463 Falleniellus.
1400 2438 1423 2461 in
1449 2434 1507 2461 Act.
1533 2433 1620 2460 llolut.
1651 2430 1731 2459 1835
1754 2442 1810 2459 cum
1835 2432 1877 2468 lig.

148 2476 293 2511 ltumsx,
316 2479 348 2506 F.
371 2479 434 2512 W„
456 2481 657 2518 [ppstaellning
686 2480 715 2507 af
742 2479 859 2516 Svenges
881 2480 1029 2516 Fjaerillar‚
1059 2482 1084 2506 in
1109 2479 1168 2506 Aet.
1190 2479 1279 2505 Holm.
1305 2476 1395 2505 1816.
1422 2492 1458 2497 —-
1483 2481 1506 2503 et
1535 2475 1659 2502 Analecta
1689 2474 1791 2501 lintom.
1821 2474 1941 2501 lloltuiae

267 2519 357 2548 1823.

150 2569 186 2587 or
211 2562 312 2596 (it-tna,
335 2563 388 2590 Ins.
410 2563 486 2591 Tnm.
512 2564 616 2592 1—7.
638 2564 744 2592 stockh.
776 2561 1013 2592 1752—1778.

148 2603 335 2631 lurum-mn.
349 2626 355 2637 ,
379 2605 450 2633 Hist.
472 2607 533 2634 Nat.
557 2607 602 2634 des
632 2606 769 2644 Lepitloph
792 2611 839 2634 etc.
862 2606 922 2633 Vol.
945 2605 974 2633 8.
996 2605 1072 2632 Paris
1097 2605 1185 2631 1829.

147 2645 327 2675 Finiturus,
352 2647 377 2674 J.
400 2647 443 2680 C„
468 2648 527 2675 Eut.
550 2650 619 2683 syst.
644 2649 758 2676 Hat‘niac
783 2647 873 2677 1793}
900 2646 989 2675 1794.
1013 2648 1091 2674 Tum.
1120 2646 1147 2673 3.
1178 2647 1210 2673 Ρ,
1234 2646 1260 2672 1.
1285 2646 1310 2671 2.
1344 2660 1383 2663 —-
1412 2643 1533 2680 Ejusdem
1563 2643 1780 2679 Supplementuni.
1828 2643 1937 2669 [lionae

268 2687 356 2716 1798.
381 2705 419 2709 ——
443 2690 566 2726 Ejusdem
589 2692 708 2724 Systema
730 2692 846 2719 Glossat.
870 2692 894 2717 in
919 2690 1013 2716 Iamo.
1038 2690 1110 2723 Mag.
1134 2688 1162 2715 6.
1187 2698 1211 2723 p.
1235 2687 1304 2714 277.
1329 2685 1500 2713 Braunscltw.
1526 2683 1615 2712 1807.

147 2729 332 2762 Ρ,ωιιιιίι’3.
357 2731 460 2764 (irre,
484 2732 575 2759 Fauna
597 2733 796 2761 Groenlandica.
820 2732 933 2760 Hafniae
956 2737 979 2758 et
1002 2731 1108 2767 Lipsiae
1134 2729 1223 2757 1780.
1253 2727 1327 2762 (371
1353 2739 1421 2765 spec.
1446 2726 1581 2765 insector.)

149 2772 283 2799 Ftsruuu
307 2772 413 2799 Ennea
438 2782 465 2800 r.
488 2773 728 2803 Immensum.
752 2774 1073 2811 Microlepidopterologie.
1096 2772 1173 2799 Fasc.
1199 2771 1299 2799 1—7.
1325 2781 1379 2797 runt
1404 2770 1448 2808 fig.
1479 2770 1527 2797 col.
1552 2769 1669 2807 Leipzig.

146 2814 384 2846 Fntvsrnszltr,
408 2813 492 2841 Catal.
515 2816 577 2850 Ins„
600 2816 698 2843 Pestini
723 2816 813 2844 1834.

146 2855 320 2889 Fnortmcn,
345 2856 466 2884 Enutner.
490 2856 602 2883 Tot-tric.
630 2857 813 2896 XViirtenberg.
836 2859 972 2895 Tubingae
997 2855 1086 2884 1828.

149 2895 292 2932 (jamma,
316 2898 421 2936 Mag-az.
444 2898 489 2925 der
511 2898 615 2925 Entom.
639 2897 670 2926 P.
696 2898 713 2925 2
737 2905 762 2926 et
784 2900 811 2927 3,
841 2901 918 2928 Halle
943 2899 1032 2927 1817.
1058 2897 1149 2927 1818.
1196 2898 1259 2926 tide
1283 2900 1358 2924 etiam
1382 2896 1510 2925 AURENS
1535 2902 1557 2924 et
1583 2896 1731 2923 Ztvstx'ffl-

148 2937 267 2964 (ineam
304 2941 420 2978 Iconogr.
445 2940 477 2967 du
500 2940 583 2978 Regu.
606 2939 693 2967 Anint.
738 2940 821 2968 Paris.

164 2985 379 3011 ZFT'I·!'.RSTE¹›T
398 2992 485 3011 lust-ctu
505 2991 638 3017 [apponit-a,
1489 2986 1529 3017 51)
