2194 3208
103 56 166 89 129

102 157 272 184 subtilissime
295 156 463 183 transversim
487 156 607 188 strigosis
635 155 731 188 susm,
754 155 873 187 margine
890 155 1016 182 dilutiori.

120 192 177 217 Lon
199 208 205 216 .
245 192 252 205 ¹
273 190 311 216 lin

105 192 117 225 (
137 191 334 251 Fnimfflleut.)
346 225 372 249 l.
385 224 446 249 261.
465 222 528 250 17.“.2
547 223 676 249 Scirona.
689 223 752 253 syn.
767 223 794 247 2.
808 222 848 248 15.
862 224 904 248 21.
924 223 1016 248 Gur..

104 260 158 284 Ins.
177 259 222 284 Sv.
241 259 265 284 l.
283 258 343 284 477.
362 258 403 283 ll.
423 258 490 283 Dm.
504 258 588 283 Catal.
606 266 632 290 p.
649 257 690 281 19.
709 257 800 281 Zssrr.
816 257 867 281 Fn.
888 257 972 290 Lapp.
990 257 1016 281 1.

102 292 162 318 209.
181 292 206 318 7.
225 293 274 324 (39.
312 293 430 323 Dytiscus
446 293 553 316 striatas
576 291 665 315 L1NN.
684 290 734 315 Fn.
753 291 798 315 Sv.
817 290 899 316 770.'.2

137 325 207 351 Hab.
226 326 253 350 in
272 325 423 359 Lapponiae
450 325 524 358 aquis
547 323 729 355 stagnantibus
753 323 852 355 rarius,
876 324 908 349 ad
932 325 1016 350 Kare-

103 359 205 384 suando
224 359 529 392 LapponiaeTornensis
547 359 572 384 d.
592 358 633 383 15.
651 358 719 388 Aug.
739 365 754 382 a
768 366 809 382 me
826 359 922 390 lectus,
940 366 1016 392 prae-

103 393 205 418 cedenti
223 392 310 418 asfinis
328 396 354 418 et
371 393 479 425 similis,
497 392 542 418 sed
560 393 647 425 paullo
670 391 756 416 minor
773 391 883 417 brevior.
904 393 1016 425 (Lapp.-

101 427 180 452 Scan.
200 426 279 459 freq.)

137 462 193 484 obs.
213 463 342 489 Syuouyma
359 463 470 483 Fanmcn
487 465 509 483 et
526 462 626 482 Limam
643 461 734 481 ineerta.
772 461 827 482 Cum
840 468 892 482 vero
912 460 1017 492 Dyticus

133 495 224 521 fuscus
241 500 317 517 noster
333 496 513 523 frequentissime
537 499 636 515 occurrat
654 495 675 515 iu
699 495 763 521 aquis
782 496 943 521 provinciarum
962 496 1017 516 Sue-

137 531 185 551 ciae
203 530 330 555 inferioris,
349 531 385 550 ubi
405 534 480 550 noster
498 529 559 559 Dyi.
578 527 685 550 striatas
707 535 750 549 non
769 530 811 549 nisi
831 530 900 549 rarius
919 530 1016 554 obvenit,

136 564 230 584 forsitan
248 564 286 584 ille
305 568 355 590 est,
374 571 438 590 quern
456 565 478 584 in
496 564 572 583 Fauna
589 569 629 582 sua
647 563 740 583 Suet-ica
758 563 858 587 (linguosi
878 564 977 589 perbrevi
996 566 1017 582 et

136 598 230 624 ancipiti
247 602 333 624 spectat
358 598 422 618 Lina.
460 597 518 627 Dyr.
532 595 626 624 fuscus
640 600 662 617 et
678 594 782 617 striatas·
796 597 856 617 notis
874 598 918 617 fere
937 597 1017 617 similis

138 631 309 656 significationis
327 632 479 652 deseribuntur
496 637 508 650 a
526 630 649 650 Faumcro.
685 630 758 650 Mures
779 630 809 651 D.
830 629 904 659 stt-sci
926 634 947 651 et
966 630 1016 651 Bu-

135 663 261 694 gemanni
284 669 320 686 sat
342 665 427 685 similes
450 667 502 684 sunt
523 668 611 690 praeter
632 667 705 684 tarsos
729 665 814 684 anticos
838 665 859 684 in
883 664 916 686 D.
937 664 1017 694 Roge-

137 697 228 721 manm’
244 700 315 724 magis
333 699 451 723 dilatatos,
470 704 534 724 quam
552 698 573 717 in
594 697 627 719 D.
640 696 725 726 fusco.

102 740 149 762 11.
186 741 225 763 Ι).
244 739 455 769 Rogemmmi:
475 737 696 768 oblongo-ovalis
715 737 802 768 niger,
821 738 903 769 labro,
921 737 1015 768 fronte,

102 772 240 803 antennis,
259 771 371 796 thoracis
390 771 469 796 limbo
488 771 550 803 lato,
568 771 762 803 elytrorumque
780 771 913 796 evidenter
930 775 1016 796 trans-

102 805 198 830 versim
221 805 392 835 strigosorum
416 805 532 836 margine
555 804 646 836 flavis,
675 805 784 838 pedibus
810 805 937 830 testaceis.
968 806 1016 837 39.

120 839 176 864 Lon
198 859 203 865 .
228 839 307 864 61in.

105 839 117 871 (
138 847 229 898 Girgir..
249 839 364 898 Ins.)Sv.
384 873 409 898 3.
427 872 486 898 6537.
506 872 627 897 10—11.
647 872 712 897 Add.
731 873 800 898 Dus.
820 872 905 898 Catal.
928 881 954 905 p.
974 872 1015 897 19.

102 907 194 938 Zarr.
208 907 260 931 Fn.
279 907 361 939 Lapp.
381 907 406 930 1.
425 906 484 931 210.
503 906 527 931 S.
546 907 594 937 39.

137 940 204 965 Hab.
224 940 251 965 in
269 940 422 973 Lapponiae
440 939 552 964 borealis
570 939 644 972 aquis
663 939 761 971 rarius,
785 939 813 964 in
831 939 929 970 stagnis
955 947 1016 964 vero

102 973 137 998 ad
155 973 281 1005 Lycksele
299 974 451 1006 Lapponiae
469 973 655 1003 meridionalis,
670 982 751 999 mens.
769 974 830 999 Jun.
848 973 917 998 haud
935 972 1015 997 infre-

102 1011 214 1040 quenter
230 1011 331 1041 captus.
367 1007 521 1038 Magnitudo
540 1008 599 1038 Dyr.
612 1009 705 1037 striati,
724 1007 853 1039 posterius
872 1007 956 1031 minus
968 1015 1017 1031 an-

102 1044 196 1073 gustus
207 1060 214 1072 ,
232 1044 259 1066 et
277 1042 309 1066 ab
327 1041 371 1066 illo
389 1049 449 1066 vere
473 1041 626 1072 distinctus,
652 1041 784 1074 propriam
808 1041 922 1074 speciem
947 1044 1017 1066 certe

102 1074 229 1101 efficiens.
256 1076 458 1108 (Lapp.-Scan.
478 1075 543 1104 rar.)

102 1118 152 1142 12.
187 1120 228 1141 B.
248 1118 448 1143 dolabi-atum
468 1116 690 1147 ovali-oblongus
710 1116 798 1147 niger,
816 1117 904 1147 labro,
922 1115 1017 1148 fronte,

102 1151 241 1182 antennis,
259 1150 372 1175 thoracis
391 1150 470 1175 limbo
489 1151 557 1181 lato,
576 1151 718 1182 elytrorum
736 1150 869 1175 evidenter
886 1153 1018 1175 transver-

102 1184 152 1209 sim
179 1185 352 1217 strigosorum
376 1184 514 1217 margine,
546 1192 596 1209 ano
620 1184 782 1217 pedibusque
804 1184 933 1210 testaceis,
969 1186 1018 1216 ᾆξ’.

102 1218 217 1250 (Minor,
236 1220 309 1250 long.
327 1219 343 1243 5
362 1218 422 1249 lin.)

137 1253 229 1277 ΡΑνκ.
247 1252 299 1278 Fn.
319 1253 342 1278 l.
361 1252 419 1277 204.
439 1252 480 1277 13.
513 1252 643 1277 Scirona.
662 1252 725 1283 Syn.
744 1252 769 1276 2.
783 1251 824 1277 15.
843 1252 886 1276 22.
923 1252 1016 1277 Gru..

102 1287 156 1311 Ins.
175 1287 219 1311 Sv.
233 1287 259 1312 1.
271 1285 331 1312 478.
350 1286 391 1312 12.
410 1286 478 1311 Dm.
497 1286 581 1311 Catal.
600 1294 627 1319 p.
646 1286 687 1311 19.
705 1286 797 1311 Zerr.
815 1285 868 1311 Fn.
887 1286 972 1319 Lapp.
991 1287 1016 1311 1.

137 1354 205 1379 Hab.
224 1353 252 1378 in
270 1353 344 1386 aquis
364 1353 516 1386 Lapponiae
534 1353 680 1378 Tornensis
699 1352 810 1386 passim,
829 1352 892 1377 mihi
912 1353 943 1378 ad
962 1353 1017 1378 Ka-

101 1387 232 1412 resuando
256 1390 283 1412 et
305 1387 491 1412 Muonioniska
513 1387 667 1419 praesertim
692 1387 792 1412 obvius.
828 1387 857 1411 In
882 1387 1018 1420 Lapponia

101 1421 266 1446 meridionali
284 1429 299 1445 a
316 1429 358 1445 me
376 1429 427 1446 non
447 1421 532 1452 visus,
561 1421 605 1445 sed
625 1420 651 1445 in
674 1421 732 1445 lacu
755 1420 781 1445 in
806 1421 957 1446 summitate
979 1422 1017 1446 al-

101 1454 174 1488 pium
192 1455 287 1480 Dowre
304 1455 374 1486 sito,
392 1463 408 1479 a
426 1455 458 1479 D.
479 1455 625 1479 Romnum
646 1454 671 1479 d.
691 1455 732 1480 13.
749 1454 801 1479 Jul.
826 1454 964 1486 inventus,
989 1458 1018 1480 ut

101 1488 181 1514 etiam
198 1491 310 1521 uterque
327 1496 406 1513 sexus
421 1496 436 1512 e
449 1488 625 1513 Groenlandia
639 1496 654 1513 a
667 1489 700 1514 D.
712 1488 925 1514 WESTERMANN
945 1498 1017 1514 com-

101 1522 258 1548 municatus.
294 1522 578 1555 (Lapp.-Matarengi‚
595 1521 729 1553 Tornoa.)

134 1559 287 1580 Antecedente
305 1559 370 1585 duplo
389 1559 473 1583 minor,
491 1559 568 1583 strigis
587 1558 706 1585 elytrorum
724 1558 799 1579 crebre
817 1558 906 1585 bifidis,
929 1564 1017 1580 anasto-

135 1593 290 1618 innantibus,
309 1599 348 1612 nee
366 1596 390 1612 nt
407 1593 429 1612 iu
447 1592 486 1612 illo
505 1598 571 1618 saepe
590 1592 729 1619 simplicibus
748 1592 784 1612 vel
802 1592 895 1619 liberis,
913 1600 940 1613 ex
959 1598 1017 1614 utro-

135 1632 177 1653 que
195 1632 282 1653 quoque
300 1629 417 1646 occurrunt
434 1626 499 1646 ambo
518 1632 594 1651 sexus,
612 1627 668 1646 unde
685 1627 802 1647 distinctae
813 1627 898 1653 species
915 1629 964 1652 jure
982 1629 1017 1648 ba-

136 1660 236 1687 bcudae,
255 1660 307 1680 lieet
325 1660 405 1680 ceteris
423 1660 482 1680 notis
500 1666 577 1686 parum
595 1660 728 1687 discrepent.

137 1717 239 1740 Subdiu.
265 1718 288 1740 3.
326 1719 412 1746 Corpus
434 1719 528 1739 minoris
559 1720 730 1744 magnitudinis,
757 1724 846 1740 ovatum
877 1724 914 1740 aut
946 1722 1017 1745 ovalo,

138 1759 206 1779 nupta
223 1759 290 1779 saepe
314 1759 445 1773 convexum.
481 1753 598 1773 Antennae
622 1754 694 1780 capite
717 1754 849 1780 tboraceque
873 1761 948 1780 parum
973 1756 1018 1775 lon.

137 1787 229 1813 giores,
248 1786 414 1807 subflliformes.
433 1786 511 1812 Elytm
528 1787 550 1806 in
569 1790 661 1813 utroque
679 1794 734 1807 sexu
745 1788 880 1807 laeviuscula
902 1785 957 1817 (uon
976 1789 1019 1808 sul-

138 1817 210 1850 cata).
247 1820 314 1840 Tarsi
331 1821 399 1841 antici
415 1820 482 1840 maris
509 1821 608 1841 articulis
631 1822 701 1841 tribus
720 1821 801 1841 baseos
820 1822 894 1848 paullo
912 1822 1018 1843 dilatatis.

139 1851 307 1884 (Colymbeles
324 1855 402 1877 Lam.
421 1854 526 1875 Damas.
562 1852 682 1885 Hyderus
699 1853 764 1883 milii)
777 1852 812 1883 ⁰).

105 1902 154 1926 18.
190 1903 228 1926 1).
248 1903 389 1926 notatus:
408 1902 640 1933 oblongo-ovatus
658 1911 737 1936 supra
761 1903 901 1935 flavienus,
923 1903 1020 1929 vertice

105 1933 219 1959 thoracis
237 1935 339 1968 punctis
363 1935 462 1967 tribus,
491 1936 576 1960 medio
594 1936 782 1968 maculiforrni,
810 1937 907 1969 nigris,
931 1938 1019 1968 elytris

105 1969 196 1993 crebre
213 1968 433 2000 nigro-irroratis
444 1988 453 2003 ,
471 1969 541 1994 striis
559 1970 638 1995 nullis
656 1970 797 2003 punctatiS.
834 1972 881 2003 332.
918 1972 1018 2004 (Long.

105 2002 140 2029 34
156 2003 201 2027 lin.

127 2002 217 2061 ’Μαεζ
235 2042 323 2065 pectore
341 2039 501 2065 abt-lumineque
519 2039 600 2065 nigris,
623 2040 701 2066 elytris
718 2040 827 2061 laevibus.

138 2071 224 2094 ferm:
245 2077 333 2099 pectore
352 2073 429 2097 nigro,
453 2073 569 2094 abdomine
587 2077 700 2098 testaceo,
724 2074 801 2100 elytris
819 2075 917 2094 anterius
935 2074 1020 2094 striolis

140 2107 223 2126 crebris
242 2107 378 2126 abbreviatis
396 2107 520 2133 impressis.

139 2137 231 2162 FAaa.
250 2138 338 2162 Eleut.
357 2138 379 2161 1.
400 2138 459 2163 267.
478 2138 519 2163 50.
538 2138 667 2164 Semina.
685 2139 749 2170 Syn.
767 2139 793 2164 2.
810 2139 907 2165 2267.
927 2139 1019 2164 Gur..

106 2171 159 2196 Ins.
176 2172 221 2196 Sv.
235 2172 260 2196 l.
273 2171 332 2196 453.
352 2172 393 2197 17.
413 2173 505 2196 ZETT.
524 2172 575 2196 Ρη.
594 2173 678 2205 Lapp.
697 2173 723 2199 1.
746 2173 806 2197 211.
826 2172 867 2198 10.
886 2174 935 2206 3⁴⁴?-
972 2174 1021 2198 Co-

107 2205 224 2237 lymbetes
241 2206 362 2230 sulm-ulis
379 2206 446 2230 Das.
467 2205 551 2230 Catal.
569 2215 596 2238 p.
615 2207 657 2231 19.

142 2239 210 2264 Hab.
229 2239 256 2263 in
274 2239 348 2271 aquis
366 2239 518 2272 Lapponiae
535 2240 634 2271 rarius,
653 2240 824 2273 praecedente
841 2239 919 2273 triplo
938 2243 964 2265 et
982 2242 1021 2265 ul-

108 2275 150 2297 tra
166 2273 259 2298 minor.
284 2274 490 2306 (Lapp.-Scan.
509 2273 590 2306 freq.)

108 2316 157 2338 14.
191 2317 231 2338 Ι).
249 2316 360 2346 agilis:
379 2315 612 2346 oblongo-ovatus
631 2315 717 2347 niger,
735 2315 831 2347 fronte,
848 2319 1020 2341 antennarum

110 2347 180 2378 basi,
197 2347 309 2373 thoracis
328 2349 413 2374 medio
438 2350 504 2381 late,
527 2349 689 2382 pedibusque
711 2350 846 2381 testaceis,
865 2350 954 2381 elytris
972 2351 1021 2375 ila-

109 2381 274 2406 vescentibus
303 2382 378 2413 nigro
393 2383 536 2408 -irroratis
550 2403 558 2415 ,
594 2383 665 2408 striis
698 2384 762 2408 disci
791 2384 931 2416 punctatis.
973 2386 1021 2416 (⁴⁷53.

113 2414 211 2445 (Long.
229 2415 262 2448 3}
279 2415 338 2446 lin.)

145 2448 236 2473 FAnn.
260 2449 346 2474 Eleut.
365 2451 389 2474 l.
407 2451 466 2476 266.
484 2450 527 2476 44.
554 2451 647 2477 ΡΑΝΖ.
667 2451 719 2476 Fn.
739 2451 781 2477 90.
799 2451 818 2476 f.
837 2452 862 2477 2.
892 2452 1021 2478 Scaeua.

111 2484 176 2512 Syn.
194 2482 219 2507 2.
238 2482 280 2506 23.
298 2483 340 2509 68.
359 2484 452 2510 Gru..
476 2485 529 2509 lns.
544 2486 594 2510 ὃν.
614 2486 640 2510 l.
657 2485 717 2510 434.
737 2486 779 2511 18.
798 2486 865 2511 Dm.
892 2485 976 2511 Catal.
996 2495 1020 2519 p.

111 2516 154 2540 19.
173 2516 265 2540 Zarr.
285 2515 335 2540 Fn.
354 2517 436 2550 Lapp.
461 2519 487 2543 1.
506 2519 566 2543 211.
590 2519 633 2544 14.
653 2521 701 2552 352.

146 2549 214 2574 Hab.
233 2549 265 2581 ,in
290 2549 363 2581 aquis
388 2552 568 2582 stagnantibus
593 2556 648 2578 tota
665 2556 778 2584 aestate,
796 2553 824 2578 in
842 2553 979 2586 Lapponia
997 2557 1023 2578 et

113 2583 222 2641 borealif
229 2585 256 2607 et
273 2583 444 2647 meridionali,
460 2585 591 2618 frequens,
600 2587 681 2620 priori
692 2595 784 2620 parum
796 2586 889 2618 major.
911 2588 1023 2620 (Lapp.-

112 2620 190 2642 Scan.
221 2624 275 2649 req.

112 2662 162 2684 15.
198 2661 237 2683 1).
255 2661 501 2688 molar-optans:
526 2662 746 2694 oblongo-ovatus
765 2666 909 2695 testaceus,
927 2664 1024 2688 vertice

113 2692 279 2725 thoracisque
297 2693 397 2726 postico
408 2692 489 2718 fascia
502 2694 650 2721 abbreviata
661 2697 754 2729 nigris,
766 2698 855 2729 elytris
872 2697 944 2729 atris,
954 2706 1023 2722 mar-

114 2726 176 2758 gine
193 2728 279 2755 luteo,
298 2727 369 2751 striis
387 2726 451 2751 disci
468 2729 609 2760 punctatis.
627 2732 674 2762 (39.
694 2731 793 2763 (Long.
811 2732 844 2765 3}
862 2731 922 2764 lin.)

148 2818 176 2851 ⁹)
195 2819 304 2852 Dylicus
319 2819 448 2853 Hybnen‘,
466 2822 642 2846 trunsum-salis
656 2828 678 2846 et
688 2824 816 2855 magnalis
833 2832 924 2853 corpore
942 2827 1024 2847 medio-

149 2855 194 2876 ert:
212 2856 383 2886 magnitudinis,
401 2857 471 2877 forma
488 2860 565 2877 exacte
582 2858 653 2883 ovali,
670 2860 738 2880 tarsis
754 2861 835 2880 antici„
852 2861 919 2880 maris
937 2860 1024 2886 patellis

150 2889 293 2915 orbiculatis,
315 2891 441 2917 colorisque
462 2890 546 2916 pictura
571 2897 637 2917 supra
657 2893 727 2917 magis
749 2894 907 2919 determinata,
930 2895 957 2914 οὐ
975 2900 1024 2920 pro·

150 2923 222 2950 priam
245 2923 425 2945 Subdivisiouem
448 2925 524 2945 referri
547 2925 638 2950 debent,
661 2926 700 2946 sed
717 2927 758 2948 bae
775 2927 868 2950 Sueciae
886 2928 1023 2949 australioris

150 2957 238 2978 incolae
255 2958 278 2977 iu
296 2958 411 2985 Lapponia
429 2964 472 2978 uon
491 2961 614 2980 occurrunt.

219 2988 446 3022 Zssrraasraor,
466 2994 554 3017 insecta
572 2995 706 3023 Lappouica.

786 53 1084 86 COLEOPTERA.
1127 54 1297 88 Drmcus.

1914 65 1976 98 130

1047 111 1969 126 Ἣ

1102 157 1192 182 Zurr.
1213 158 1264 183 Fn.
1284 158 1366 191 Lapp.
1386 159 1409 184 l.
1428 160 1486 184 211.
1506 160 1546 184 12.
1566 163 1613 193 0⁷2.
1648 164 1681 187 D.
1707 166 1782 196 ayilis
1806 166 1898 191 Gur..
1922 168 1976 193 Ins.

1068 190 1112 215 Sv.
1136 190 1161 214 4.
1180 191 1247 224 App.
1266 192 1324 217 378.
1349 199 1403 217 var.
1422 193 1447 218 b.

1102 224 1170 249 Hab.
1201 224 1227 249 in
1256 225 1330 258 aquis
1360 226 1541 257 stagnantibus
1570 229 1610 253 vel
1639 230 1707 255 lente
1739 232 1901 259 fluitantibus
1913 253 1921 266 ‚
1949 234 1978 260 in

1068 257 1204 290 Lapponia
1223 259 1319 284 boreali
1337 259 1429 290 rarius,
1448 263 1474 285 at
1492 260 1520 285 in
1531 261 1668 294 Lapponia
1686 266 1857 299 meridionali,
1876 276 1917 294 ex.
1970 286 1977 293 -

1068 290 1095 315 in
1114 291 1326 322 Lycksele-Avan
1344 296 1370 318 et
1387 294 1419 318 ad
1437 294 1565 326 Barrsele,
1584 304 1631 320 nec
1650 304 1702 321 non
1720 298 1745 322 in
1764 300 1848 325 fluviis
1867 302 1978 327 Botniae

1068 325 1194 356 borealis,
1212 334 1252 351 ex.
1272 334 1311 357 gr.
1329 326 1355 351 in
1375 327 1464 353 Bauer.
1487 332 1513 352 et
1530 329 1562 353 ad
1580 329 1705 355 Johannis
1726 332 1780 364 Ro,
1805 334 1978 368 frequentius,

1068 358 1177 384 mensib.
1196 359 1267 390 Majo
1285 364 1311 385 et
1328 361 1406 386 Junio
1424 361 1503 386 visus.
1525 363 1745 395 (Lapp.-Botnia
1763 366 1896 400 borealis.)

1102 394 1188 417 Descr.
1213 396 1340 421 Magnitudo
1360 401 1381 417 et
1398 397 1494 418 affinitas
1514 398 1573 428 Dyt.
1593 398 1680 428 agilis,
1698 401 1771 421 colore
1789 404 1931 425 determinato
1949 406 1978 426 ab

1101 428 1139 448 illo
1158 432 1180 449 et
1197 431 1277 450 ceteris
1295 431 1420 451 distinctus.
1457 432 1528 452 Totus
1547 433 1645 453 omnium
1667 434 1813 456 subtilissime
1831 440 1977 463 punctulatus.

1102 462 1173 488 Caput
1190 463 1285 489 flavum,
1303 465 1385 485 vertice
1402 466 1478 490 nigro,
1497 466 1588 486 maculis
1606 467 1690 487 duabus
1716 470 1829 490 testaceis.
1864 472 1979 493 Autennae

1101 499 1226 521 testaceae,
1261 501 1384 518 extrorsum
1408 500 1565 520 flacescentes.
1607 501 1696 521 Thorax
1720 505 1848 529 testaceus,
1882 507 1980 531 margine

1103 536 1188 549 summo
1207 531 1279 551 antico
1305 532 1380 557 fusco,
1404 534 1491 559 postico
1515 534 1584 554 fascia
1607 535 1736 555 abbreviata
1760 537 1835 562 nigra,
1859 541 1881 558 ut
1905 540 1927 559 in
1946 540 1980 562 D,

1101 562 1171 592 agili
1187 565 1231 584 sita
1249 569 1270 585 et
1288 566 1396 591 formata,
1415 567 1454 587 scd
1472 567 1568 587 breviori
1586 574 1650 594 qnam
1668 570 1689 588 in
1709 570 1756 595 illo,
1774 577 1852 592 versus
1871 574 1980 597 margines

1103 598 1189 617 scilicet
1207 599 1298 619 minimo.¹
1316 601 1444 620 attenuatim
1464 602 1597 621 continuata.
1635 602 1756 624 scutellum
1780 605 1861 630 breve,
1885 607 1981 630 triangu-

1102 631 1159 655 lare,
1178 631 1191 650 1Α
1212 636 1281 652 totum
1301 634 1385 658 nigrum
1410 634 1423 654 Ι.
1444 635 1506 661 apice
1533 639 1661 655 testaceum.
1698 637 1774 663 Elytra
1798 642 1859 663 utra,
1884 641 1981 665 margine

1102 665 1253 690 determinate,
1273 670 1295 686 at
1312 671 1417 693 anguste,
1436 669 1507 694 flnvo;
1526 669 1547 689 in
1567 669 1629 689 disco
1643 671 1741 695 cujusvis
1760 672 1823 697 elytri
1837 672 1908 693 lineae
1926 674 1981 694 duae

1102 698 1271 723 longitudiuales
1290 707 1302 719 e
1320 702 1406 727 punctis
1425 703 1554 728 iuiprexsis9
1572 703 1698 728 obsoletae,
1717 705 1738 724 in
1757 705 1837 726 femina
1852 708 1982 733 praesertim

1101 739 1176 758 porum
1196 735 1331 760 perspicuae.
1368 736 1453 761 (orpus
1472 739 1541 756 totum
1560 737 1637 757 subtus
1656 739 1686 757 uti
1706 739 1772 764 pedes
1790 743 1895 760 testacea.
1915 742 1983 762 Tarsi

1102 767 1169 786 antici
1188 768 1254 787 muris
1273 769 1358 788 modice
1376 769 1460 790 dilatati
1472 783 1479 794 ‚
1498 771 1591 790 ieniiuac
1610 772 1723 797 simplices
1742 776 1765 793 ut
1782 773 1805 793 iu
1829 775 1982 800 praecedente.

1069 807 1118 829 16.
1154 808 1192 830 l).
1215 809 1358 831 collaris:
1384 809 1617 839 oblongo-ovatus
1636 814 1779 843 testaceus,
1808 813 1904 838 vertice
1922 814 1983 839 tho-

1069 839 1187 871 racisque
1206 841 1305 872 postico
1329 842 1409 866 fascia
1437 843 1585 868 abbreviata
1609 849 1721 875 angusta
1739 846 1872 879 obsoleta,
1890 848 1982 879 nigris,

1068 873 1156 931 {lytris
1168 873 1412 939 ›nigro—irroratis,
1439 877 1509 901 striis
1530 877 1593 902 disci
1619 879 1760 911 punctatis.
1796 882 1843 912 (352.
1883 877 1981 913 (Longu

1069 909 1073 915 “
1090 910 1101 933 ’τ
1120 907 1164 932 lin.
1960 912 1965 913 ⁷

1102 941 1192 966 Para.
1209 941 1259 967 Fn.
1280 943 1303 967 1.
1322 943 1381 968 200.
1399 944 1423 969 9.
1444 944 1536 968 Gru..
1556 946 1606 971 lus.
1627 947 1672 971 Sv.
1692 947 1715 970 l.
1735 946 1794 972 ⁴85.
1814 948 1854 972 19.
1890 949 1982 975 ΖΕΤΤ.

1069 975 1118 1000 Fn.
1138 975 1220 1007 Lapp.
1241 976 1264 1000 l.
1282 976 1341 1001 212.
1362 977 1402 1001 13.
1422 978 1480 1008 Dyr.
1500 980 1635 1009 adspersus
1658 980 1750 1005 Pasz.
1771 981 1820 1006 Fn.
1839 982 1881 1007 38.
1900 982 1918 1007 f.
1938 984 1982 1008 18.

1068 1009 1134 1033 DEJ.
1150 1008 1234 1033 Catal.
1250 1018 1273 1042 p.
1289 1011 1331 1034 19.
1342 1011 1409 1041 (ηοη
1427 1019 1488 1035 vero
1507 1012 1573 1036 idem
1588 1013 1721 1038 Fannrcu
1734 1015 1981 1047 etScnoNnEnm.)

1103 1043 1163 1067 Var.
1184 1043 1207 1068 b.
1234 1044 1258 1070 3.).
1278 1044 1366 1074 elytris
1387 1046 1472 1076 paullo
1492 1046 1694 1072 obscurioribus.

1103 1076 1170 1101 Hab.
1190 1076 1216 1100 in
1235 1077 1309 1109 aquis
1328 1081 1354 1101 et
1372 1078 1457 1102 fluviis
1473 1079 1624 1112 Lapponiae
1637 1081 1743 1113 passim,
1755 1082 1786 1106 ad
1803 1083 1983 1114 Junosuando,

1070 1110 1196 1140 Wittangi
1215 1114 1240 1134 et
1259 1111 1316 1135 aliis
1335 1111 1398 1136 locis
1418 1120 1498 1137 niens.
1518 1113 1603 1144 Majo,
1620 1114 1698 1139 Junio
1717 1116 1813 1145 lectus;
1832 1117 1859 1141 in
1878 1118 1984 1150 Lappo-

1069 1144 1111 1168 nia
1130 1144 1292 1169 meridionali
1311 1153 1415 1178 quoque
1434 1147 1557 1178 vulgaris,
1576 1147 1621 1171 sed
1640 1156 1693 1173 var.
1703 1149 1836 1174 b.tantum
1853 1150 1884 1174 ad
1897 1152 1984 1182 Lyck-

1069 1179 1122 1202 sele
1146 1177 1230 1202 rarius
1255 1178 1360 1210 obvius,
1390 1179 1417 1204 in
1435 1180 1585 1205 fluminibus
1610 1181 1692 1207 Lulea
1715 1186 1741 1207 et
1766 1183 1854 1210 Ranea
1872 1185 1983 1210 Botniae

1069 1211 1181 1236 borealis
1199 1211 1350 1244 frequenter
1368 1213 1481 1238 occurrit
1500 1222 1552 1239 var.
1572 1223 1595 1240 a.
1622 1215 1814 1248 (Lapp.—Scan.
1833 1217 1913 1250 freq.)

1103 1248 1252 1268 Praecedeute
1270 1252 1304 1269 sat
1323 1250 1403 1269 similis
1422 1254 1443 1269 ct
1461 1250 1548 1275 affluis,
1568 1252 1640 1277 paullo
1660 1253 1743 1276 minor,
1769 1253 1864 1274 brevior.

1069 1290 1115 1313 14.
1152 1290 1191 1311 Ι).
1210 1290 1398 1313 maculatus:
1417 1293 1508 1314 ovatus
1527 1290 1728 1323 nigro-piceus,
1741 1291 1835 1324 fronte,
1853 1295 1984 1326 antennis,

1070 1321 1182 1346 thoracis
1201 1321 1282 1346 fascia
1300 1323 1399 1353 media,
1423 1324 1564 1354 elytrorum
1590 1325 1697 1349 maculis
1716 1326 1843 1359 lineisque
1860 1328 1985 1360 pedibus-

1069 1363 1120 1388 que
1137 1355 1444 1387 ferrugineo-testaceis.
1464 1360 1512 1389 39.
1533 1358 1630 1389 (Long.
1649 1360 1682 1392 2}
1700 1359 1760 1390 lin.)

1103 1389 1164 1447 Vzhr.
1183 1397 1208 1414 a.
1233 1391 1279 1421 39.
1305 1390 1395 1421 Elytra
1420 1392 1554 1423 margine,
1579 1396 1605 1416 et
1628 1392 1704 1417 lineis
1736 1394 1895 1427 maculisque
1920 1395 1985 1420 disci

1069 1423 1130 1456 palli
1151 1423 1181 1448 is.

1104 1457 1252 1482 L1NN.Fn.
1267 1458 1310 1482 Sv.
1331 1457 1388 1484 777.
1426 1459 1516 1484 Fran.
1538 1460 1623 1485 Eleut.
1649 1461 1750 1486 1.266.
1775 1461 1817 1486 45.
1854 1463 1984 1488 Senosu.

1070 1492 1132 1522 Syn.
1152 1491 1176 1515 2.
1197 1491 1239 1515 21.
1258 1492 1299 1516 57.
1332 1492 1424 1519 Grm..
1442 1493 1495 1517 Ins.
1515 1494 1558 1518 Sv.
1578 1494 1602 1517 1.
1622 1494 1672 1519 490
1699 1495 1742 1520 24.
1761 1503 1815 1520 var.
1834 1503 1857 1521 a.
1892 1497 1985 1523 ΖΕΤΤ.

1069 1525 1121 1549 Fn.
1146 1525 1231 1557 Lapp.
1252 1526 1276 1551 l.
1294 1526 1353 1551 212.
1379 1526 1420 1551 1⁴.
1446 1528 1493 1559 353.
1518 1536 1541 1553 a.
1580 1528 1731 1559 Colymbctes
1754 1531 1893 1555 maculatus
1916 1531 1983 1556 Dm.

1071 1558 1155 1583 Catal.
1175 1567 1200 1591 p.
1220 1559 1261 1583 19.

1104 1593 1165 1617 Var.
1185 1592 1209 1618 b.
1229 1594 1275 1624 (323.

1070 1626 1182 1659 pallidis.

1105 1660 1197 1698 Gru..
1216 1664 1242 1685 et
1259 1661 1350 1687 ZETr.
1370 1662 1386 1687 l.
1406 1669 1428 1687 c.
1447 1670 1501 1688 var.
1521 1663 1544 1688 b.
1580 1664 1638 1694 Dyt-
1664 1665 1803 1696 inaequalis
1820 1665 1912 1690 sz.
1931 1666 1983 1691 Fn.

1105 1728 1173 1752 Hah.
1200 1727 1228 1752 in
1246 1727 1336 1753 rivulis
1353 1732 1380 1753 et
1398 1729 1483 1754 fluviis
1502 1731 1656 1763 Lapponiae
1678 1731 1775 1764 passim
1793 1731 1932 1765 frequens;
1952 1734 1984 1758 ad

1070 1761 1242 1786 Karesuantlo
1260 1765 1286 1786 et
1303 1762 1489 1788 Muonioniska
1512 1764 1586 1789 illum
1611 1765 1715 1797 copiose
1739 1765 1805 1797 legi,
1829 1770 1856 1791 et
1879 1775 1933 1792 var.
1958 1768 1984 1792 b.

1070 1795 1149 1820 etiam
1168 1795 1200 1820 ad
1213 1796 1339 1826 Lycksele
1356 1797 1509 1830 Lapponiae
1522 1799 1697 1823 meridionalis
1710 1799 1812 1824 vidi.—-
1830 1801 1881 1825 Sed
1900 1809 1985 1833 neque

1070 1829 1139 1854 hunc
1155 1848 1163 1861 ‚
1195 1838 1280 1861 neque
1304 1831 1383 1855 ullum
1416 1832 1624 1864 praecedentium
1649 1832 1725 1863 hujus
1748 1833 1932 1859 subdivisionis
1957 1835 1985 1859 in

1070 1863 1147 1896 aquis
1175 1863 1351 1888 Nordlandiae
1380 1865 1598 1898 Finmarkiaeque
1626 1866 1747 1897 detegere
1776 1867 1838 1892 mibi
1865 1868 1984 1899 contigit.

1070 1897 1157 1922 Priori
1175 1897 1254 1930 duplo
1271 1897 1366 1922 minor.
1386 1899 1577 1931 (Lapp.-Scan.
1598 1900 1681 1932 pass.)

1071 1941 1121 1965 18.
1155 1941 1195 1963 1).
1214 1941 1364 1964 arcticus:
1384 1942 1630 1971 oblongo-ovatus.
1648 1942 1816 1967 subtilissime
1834 1943 1985 1968 reticulato-

1071 1973 1199 2004 strigosus
1218 1972 1305 2004 niger,
1341 1973 1441 2005 fronte,
1478 1978 1648 1999 antennarum
1669 1977 1738 2006 basi,
1773 1977 1886 2002 thoracis
1905 1978 1985 2003 fascia

1072 2007 1157 2031 media
1174 2006 1206 2030 ad
1224 2007 1305 2030 latera
1323 2007 1443 2039 dilatata,
1462 2009 1622 2041 pedibusque
1641 2010 1769 2042 testaceis,
1788 2011 1877 2042 elytris
1895 2012 1985 2043 nigro-

1072 2040 1166 2071 suscis,
1184 2040 1302 2071 margine
1320 2042 1424 2073 pallido.
1444 2043 1491 2074 0⁷53.
1513 2043 1610 2074 (Long.
1628 2044 1661 2075 2,
1680 2043 1738 2074 lin.)

1106 2075 1197 2098 Pur.
1211 2073 1262 2099 Fn.
1282 2075 1305 2099 l.
1323 2075 1382 2101 201.
1401 2076 1442 2100 10.
1478 2077 1607 2101 Scnijun.
1626 2078 1689 2108 Syn.
1708 2078 1732 2103 2.
1752 2078 1794 2103 23.
1813 2078 1854 2104 70.
1892 2079 1984 2104 GrLL.

1073 2108 1124 2133 Ins.
1149 2108 1193 2132 Sv.
1214 2108 1237 2132 1.
1256 2107 1315 2134 492.
1335 2109 1377 2135 25.
1412 2110 1505 2135 ΖΕΤΤ.
1524 2110 1575 2135 Fn.
1601 2111 1684 2144 Lapp.
1704 2112 1728 2135 l.
1753 2112 1811 2136 213.
1832 2112 1873 2138 15.
1892 2115 1939 2145 (ἷῼ.
1960 2121 1983 2138 a.

1076 2142 1184 2172 Colymb.
1204 2143 1312 2167 arcticus
1329 2143 1395 2168 Das.
1416 2143 1501 2169 Catal.
1521 2153 1545 2177 p.
1565 2145 1606 2169 19.

1106 2176 1167 2200 Var.
1186 2175 1211 2200 b.
1235 2177 1282 2206 3?-
1307 2176 1412 2201 thorace
1435 2177 1524 2209 nigro,
1548 2178 1673 2203 lateribus
1699 2180 1751 2203 late
1768 2179 1885 2212 pallidis,
1904 2179 1984 2204 fascia

1072 2209 1171 2234 scilicet
1187 2209 1273 2234 media
1289 2209 1444 2243 interrupta.

1107 2243 1199 2267 Gru„
1218 2244 1235 2268 l.
1255 2251 1277 2268 c.
1296 2252 1350 2269 var.
1369 2245 1393 2270 b.
1412 2246 1503 2270 Zurr.
1522 2246 1539 2271 l.
1559 2253 1581 2271 c.
1600 2254 1654 2271 var.
1673 2246 1698 2271 b.
1718 2248 1765 2278 39.

1107 2278 1168 2302 Var.
1187 2285 1208 2302 c.
1229 2279 1276 2309 (32³.
1295 2277 1387 2303 similis
1405 2279 1523 2304 varietati
1542 2287 1580 2311 a.‚
1598 2281 1740 2311 elytrorum
1760 2280 1813 2304 basi
1831 2280 1908 2304 etiam
1928 2282 1984 2313 pal-

1073 2310 1134 2336 lida.
1155 2324 1185 2328 —
1204 2311 1295 2337 ΖΕτΤ.
1314 2313 1331 2337 l.
1350 2320 1373 2337 c.
1392 2321 1446 2338 var.
1466 2321 1488 2338 c.

1107 2345 1168 2370 Var.
1192 2345 1217 2370 d.
1243 2347 1289 2377 39.
1315 2354 1392 2379 saepe
1414 2348 1502 2379 paullo
1526 2347 1626 2378 minor,
1662 2346 1844 2379 subpallidior‚

1073 2378 1301 2410 fusco-testaceo,
1320 2380 1400 2405 fascia
1418 2380 1509 2411 nigra,
1528 2381 1616 2411 elytris
1635 2379 1722 2405 fusciS.

1108 2413 1176 2438 Hah.
1195 2412 1222 2436 in
1241 2413 1314 2445 aquis
1333 2415 1523 2445 stagnantibus,
1542 2422 1654 2438 necnon
1672 2414 1699 2438 in
1717 2413 1802 2438 fluviis
1821 2414 1983 2447 Lapponiae,

1073 2449 1099 2471 et
1118 2446 1228 2471 borealis
1247 2450 1273 2471 et
1290 2447 1466 2472 meridionalis
1485 2457 1500 2472 a
1513 2448 1594 2479 primo
1607 2455 1760 2479 verensque
1775 2448 1807 2471 ad
1821 2452 1984 2480 autumnum,

1073 2480 1308 2512 frequentissimus.
1344 2482 1404 2506 Var.
1424 2490 1484 2505 vero
1502 2483 1526 2506 d.
1546 2485 1645 2505 tantum
1665 2481 1690 2505 in
1709 2481 1926 2512 Lycksele-avan
1946 2485 1984 2507 le-

1074 2514 1115 2545 gi,
1134 2514 1179 2538 sed
1198 2522 1213 2538 a
1231 2515 1263 2539 D.
1282 2515 1428 2539 Bouianum
1455 2515 1481 2539 in
1499 2515 1604 2538 lacubus
1628 2514 1653 2539 iu
1677 2514 1740 2547 ipsis
1763 2515 1864 2548 alpibus
1890 2517 1984 2542 Dowre

1073 2548 1130 2573 sitis
1155 2556 1237 2573 mens.
1261 2548 1312 2573 Jul.
1336 2552 1419 2581 capta.
1438 2562 1469 2565 —
1489 2548 1609 2572 Occurrit
1631 2556 1735 2581 quoque
1760 2549 1787 2573 in
1805 2550 1879 2582 aquis
1897 2551 1985 2582 regio-

1074 2582 1114 2606 nis
1133 2581 1303 2614 subalpinae,
1321 2586 1347 2606 et
1366 2583 1392 2606 in
1411 2583 1502 2605 lacuna
1520 2581 1615 2606 montis
1634 2582 1833 2607 Skaaddavaara
1856 2583 1888 2608 ad
1906 2585 1985 2608 Alteri

1074 2615 1241 2640 Finmarkiae
1258 2616 1349 2640 lectus.
1373 2615 1423 2639 Per
1440 2615 1547 2639 flumina
1564 2615 1696 2640 descendit
1713 2624 1795 2648 usque
1812 2617 1844 2641 ad
1862 2618 1983 2643 Botniaui

1074 2650 1223 2679 borealem,
1247 2652 1273 2673 et
1298 2649 1325 2673 in
1352 2649 1440 2673 Rauen
1462 2648 1515 2679 jam
1540 2649 1615 2673 initio
1640 2649 1735 2674 mensis
1759 2650 1823 2681 Maji
1842 2652 1984 2684 specimina

1074 2682 1210 2714 utriusque
1227 2690 1305 2706 sexus
1323 2681 1428 2714 copiose
1445 2681 1541 2713 inveni,
1559 2682 1650 2708 insecti
1669 2684 1857 2709 Scandinaviae
1875 2685 1982 2710 forsitan

1075 2715 1221 2749 peculiaris.
1257 2717 1315 2746 Dyr.
1334 2717 1422 2740 collari
1444 2716 1523 2749 duplo
1541 2719 1568 2741 et
1594 2718 1661 2742 ultra
1684 2718 1784 2748 minor,
1813 2719 1983 2751 praecedente

1075 2757 1165 2782 parum
1185 2748 1302 2813 lirevim',
1320 2749 1365 2773 sed
1383 2750 1464 2775 multo
1483 2750 1626 2781 angustior.
1645 2751 1866 2784 (Lapp.-Botnia
1891 2754 1982 2776 borea-

1073 2784 1104 2808 lis
1123 2782 1187 2814 freq.

1074 2826 1123 2848 19.
1157 2826 1197 2847 1).
1217 2825 1358 2849 sturmii:
1378 2825 1628 2860 oblongo-ovatus,
1645 2828 1812 2853 subtilissime
1830 2828 1981 2853 reticulato-

1072 2857 1201 2888 strigosus
1219 2858 1308 2890 niger,
1327 2865 1387 2891 ore,
1405 2861 1525 2886 antennis
1538 2881 1545 2894 ‚
1565 2863 1672 2887 maculis
1691 2863 1790 2887 duabus
1814 2861 1915 2886 verticis
1934 2871 1981 2894 pe-

1074 2891 1201 2923 dibusque
1219 2890 1388 2923 ferrugineis,
1406 2895 1494 2926 elytris
1513 2895 1751 2928 fusco-brunneis,
1771 2895 1886 2926 margine
1904 2896 1982 2928 palli-

1312 1593 1403 1624 Elytra
1422 1594 1539 1625 margine
1556 1595 1717 1628 maculisque
1735 1595 1799 1621 disci
1817 1597 1984 1629 paucion‘bus

1880 2347 1984 2373 thorace

1074 2925 1116 2950 do.
1135 2926 1182 2957 39.
1204 2925 1302 2957 (Long.
1318 2926 1351 2958 2}
1369 2927 1428 2959 lin.)

1106 2958 1167 2984 Var.
1186 2967 1209 2983 a.
1230 2960 1276 2992 gi).
1294 2960 1402 2993 pedibus
1419 2962 1584 2995 ferrugineis·
1602 2965 1692 2989 ΖΕΤΤ.
1706 2963 1754 2987 Fu.
1768 2961 1896 2989 L.1.21⁴.
1908 2963 1977 2989 165.

1551 3005 1572 3035 9
