2194 3208
198 72 279 108 1027
857 64 1406 97 PRAEMONENDA.
1987 65 2070 97 1028

350 179 469 209 Paucae
493 178 522 207 in
545 187 671 207 summas
694 176 775 219 alpes
798 174 910 206 nivales
932 174 1113 206 adscendunt
1140 179 1168 205 et
1195 175 1244 204 vix
1274 174 1332 205 nisi
1355 178 1510 216 sequentes
1532 174 1573 204 ibi
1596 185 1614 204 a
1636 185 1682 205 me
1704 175 1922 218 deprehensae,
1955 186 2074 218 nempe:

200 226 366 254 Nemoum
393 221 512 251 cinerea
541 224 569 249 et
597 219 701 260 nigra3
734 220 837 248 Perla
864 227 1012 259 pygmaea
1042 222 1070 247 et
1098 218 1212 254 virensg
1246 216 1451 256 Phrygcmea
1473 216 1674 256 triniaculata‚
1708 217 1791 248 fusca
1820 229 1881 248 var.
1909 218 2076 260 lapponica,

198 264 329 308 griseola
352 269 381 293 et
403 262 523 293 barbata
546 276 589 289 =
611 260 640 291 8.

349 305 474 336 Unicum
497 307 607 334 tantum
630 313 735 333 novum
758 301 937 343 Ncuropteri
961 311 1070 342 genus,
1106 300 1220 331 scilicet
1241 302 1397 337 Scimlns,
1432 300 1559 331 condidi.

350 347 376 377 E
400 346 559 388 generibus
582 347 804 384 lllyrmeleone
827 349 856 373 et
883 344 1013 385 Oxmylo
1036 343 1131 373 nullas
1154 342 1268 384 species
1292 342 1429 383 agnoscit
1451 342 1557 373 Fauna
1580 342 1765 384 Lappouica.

351 389 458 420 Omnia
480 388 510 418 in
532 387 587 417 hac
610 387 749 417 Sectione
772 385 864 416 libelli
887 385 1035 427 descripta
1056 385 1168 415 insecta
1192 384 1346 426 lapponica
1368 385 1497 427 propriis
1520 384 1614 415 oculis
1638 384 1752 425 quidem
1776 384 1906 425 lustravi,
1929 386 1998 416 licet
2020 396 2078 416 non

199 433 299 465 omnia
320 432 385 474 ipse
408 430 589 471 collegerim.
635 427 784 463 Quaedam
807 427 883 457 enim
908 438 1018 457 mecum
1041 427 1169 468 benigne
1193 426 1405 457 communicata
1426 427 1544 457 suerunt
1565 437 1583 456 a
1606 425 1790 457 Clarissimis
1807 426 1890 458 Viris
1914 433 1942 458 et
1963 427 2078 458 Amicis

197 474 338 506 Dominis
360 473 448 504 Doct.
472 473 654 509 Daniinom,
678 470 765 499 Dect.
788 468 1022 507 SUNDEWALL,
1045 468 1210 511 Capitanco
1233 467 1420 508 ΒοΗΕΜΛΝ,
1443 469 1614 499 Mercatore
1637 469 1791 510 magnario
1813 468 2079 507 W'ESTERMANN,

199 515 378 555 Hasniensi‚
413 520 443 545 ut
471 520 499 544 vt
524 514 584 554 jam
615 511 761 542 defunctis
790 511 874 541 Prof.
907 511 1074 549 DALMAN,
1111 510 1195 541 Prof.
1225 509 1259 541 B.
1284 510 1320 540 F.
1345 510 1453 541 Fmsss
1483 516 1512 541 et
1534 510 1698 541 Assessore
1722 510 1904 549 DEU'rscm
1937 522 1973 542 ne
2003 511 2080 541 haud

198 569 294 602 pauca
314 558 502 599 Neuroptera
524 553 655 586 borealia
677 554 707 583 in
730 563 830 583 museo
853 553 922 583 olim
945 553 1175 583 FALLENIANO
1200 552 1361 594 praedivite
1385 553 1486 592 obvia,
1517 553 1623 595 partim
1646 563 1663 582 a
1685 552 1829 583 Nobiliss.
1853 552 2080 591 GYLLENnM„

199 601 364 644 partimque
392 600 427 629 ab
451 598 498 628 Ill.
523 597 717 627 Tamesae
746 595 850 625 aliisve
879 595 1072 626 determinata
1099 602 1128 626 et
1150 595 1257 633 missa,
1286 594 1434 625 reticeam.
1484 594 1593 625 Talem
1616 605 1686 625 vero
1710 594 1825 625 Horum
1848 595 2081 625 benevolentiam

201 648 230 674 et
251 642 383 674 savorem
406 645 491 683 grato
516 639 612 669 animo
636 648 694 667 non
717 637 812 668 solum
835 648 911 667 nunc
933 648 1097 678 agnoscere
1120 636 1217 675 debui,
1239 647 1339 667 verum
1363 637 1450 667 etiam
1473 637 1659 678 singulorum
1683 637 1797 667 detecta
1820 641 1849 667 et
1871 638 2083 668 communicata

202 696 272 718 cumr
287 683 453 715 Inventoris
476 680 604 719 nomine,
627 680 688 710 suis
710 679 784 710 locis
807 679 950 718 inserere,
974 684 1104 710 sanctum
1128 679 1197 710 duxi
1222 678 1360 709 officium.

354 725 422 755 Hoc
445 723 652 765 qualecumque
676 732 748 763 opus
771 721 816 752 sic
838 721 961 760 finitum,
985 721 1015 752 in
1037 732 1139 752 manus
1163 727 1243 760 tuas,
1272 720 1406 752 Candide
1429 720 1558 760 Lector,
1582 721 1643 762 jam
1668 720 1762 760 trado,
1785 721 1873 751 enixe
1895 731 2023 763 rogans7
2055 727 2083 751 ut

201 769 276 800 Tibi
306 771 380 798 totus
409 775 581 808 persuasum
604 764 731 802 habeas,
766 774 811 793 me
839 764 869 793 in
898 763 948 794 illo
977 763 1158 794 elaborando
1187 767 1216 793 et
1238 762 1414 805 publicando
1438 774 1532 804 neque
1560 763 1676 805 gloriae
1699 773 1792 804 neque
1815 762 1889 793 lucri
1913 763 2008 793 studio
2033 762 2083 793 du-

204 815 296 849 ctum,
331 808 382 839 sed
406 812 517 838 tantum
544 806 575 837 in
598 805 824 836 amoenissimae
853 806 995 836 scientiae
1024 805 1234 836 incrementum
1262 810 1290 835 et
1313 804 1438 835 fructum
1468 806 1608 835 intentum
1639 805 1742 836 luisse.
1798 804 1860 844 „Si
1889 805 1974 846 quid,
2007 804 2083 845 quod

202 862 320 884 errores
343 850 468 881 forsitan
491 859 572 879 meos
595 852 717 890 spectet,
741 847 849 878 rectius
872 848 1008 886 noveris,
1036 848 1107 878 mihi
1131 847 1258 890 imperti.
1303 846 1429 889 Castiga
1451 857 1512 886 me,
1536 847 1561 877 si
1583 846 1689 889 placet,
1712 847 1760 877 ubi
1783 846 1851 888 quid
1874 847 1960 877 stulte
1982 858 2084 889 pecca—

202 894 305 932 verim,
328 892 380 923 sed
403 891 464 922 noli
488 901 610 933 carpere
634 895 662 919 et
684 890 869 931 vituperare,
898 895 1051 930 autequam
1074 900 1192 921 errores
1214 900 1295 919 meos
1318 893 1398 919 recte
1421 888 1659 920 emendaveris.“
1712 888 1802 927 Vale,
1827 888 1860 920 C.
1885 889 1940 927 L„
1970 889 1999 918 in
2022 892 2083 928 Sy-

203 940 297 974 nopsoe'
320 937 538 972 Dipterorum
562 931 821 967 Scamlmaviae,
847 931 929 972 cujus
953 931 1114 963 elaboratio
1134 933 1195 972 jain
1218 932 1270 961 sub
1294 942 1379 961 manu
1403 935 1457 970 est,
1480 931 1616 973 proxima
1638 931 1701 961 vice
1724 942 1769 962 me
1792 930 1887 961 denuo
1909 931 2000 962 rides.

406 1009 520 1052 Scripsi
546 1008 671 1039 Lundae
697 1007 722 1038 l.
748 1007 850 1037 Octob.
875 1006 964 1037 16539.

1375 1199 1432 1239 J.
1474 1199 1554 1238 W
1598 1199 2034 1240 Zetterstedt.
