2194 3208
206 90 289 124 1039

858 83 1161 116 NEUROPTERA.

1245 82 1424 115 AasanA.

1995 87 2078 120 1040

208 202 272 220 sexu
290 199 393 226 semper
410 190 465 215 basi
484 190 535 214 late
552 189 646 220 flavas,
672 196 720 213 nec
744 195 857 220 unquam
876 185 1054 210 immaculatas
1073 186 1120 210 ob-

207 226 318 253 servavi.
353 224 514 257 Specimina,
539 231 605 256 quae
623 222 650 247 in
668 220 862 247 collectionibus
881 220 928 244 alis
947 219 1119 244 immaculatis

207 260 325 295 praedita
342 259 410 290 vidi,
435 257 567 282 individua
585 257 642 282 Lib.
659 257 774 287 uulynme
791 254 903 278 suerunt.
939 253 1119 291 (Lappa-Up-

207 295 419 324 landia-Ostrog.
439 291 533 317 Scania
551 290 626 323 freq„
644 289 671 314 in
690 289 774 321 copul.
795 296 875 312 niens.
893 287 994 319 Junlo.)

208 348 240 370 5.
274 347 308 369 Ι..
328 343 520 368 cancellata:
545 340 650 366 thorace
668 339 751 369 fusco,
769 337 963 369 luteo-lineato,
981 337 1119 362 abdomine

208 377 398 410 subcylindrico
416 375 507 407 nigro,
530 383 609 408 supra
627 375 712 403 luteo,
730 371 850 409 incisuris
869 371 965 410 nigris3
989 371 1035 409 alis
1055 370 1119 402 hya-

207 412 277 444 linis,
295 411 416 442 stigmate
427 409 691 442 quadrato-oblongo,
710 406 863 436 nigricante,
877 405 932 430 bas¹
943 405 1119 430 subimmacu-

207 446 276 477 latis,
294 444 472 470 membranula
490 442 647 476 appendicea
665 440 821 465 albescente.
845 440 892 471 313.
929 439 1029 470 (Long.
1047 446 1118 472 corp.

207 479 233 511 S,
252 480 285 504 al.
303 487 361 511 exp-
381 477 414 502 14
431 476 492 505 lin.)

242 515 319 537 Illas.-
344 515 461 534 abdomine
485 512 603 538 cylindrico
628 513 678 529 aute
702 509 796 529 medium
821 512 951 533 angustato,
975 511 1023 529 toto
1048 508 1118 533 nigro,

241 550 308 569 dorso
326 549 443 574 interrupte
462 548 534 570 luteo,
551 543 709 571 appendicibus
727 543 854 563 caudalibus
873 543 992 568 brevibus,
1010 542 1052 562 alis
1070 542 1119 562 basi

241 583 389 603 immaculatis
398 589 404 607 ς

241 616 327 638 Fem.:
351 615 466 635 abdomine
490 613 660 637 subcompresso
679 611 755 635 nigro,
780 610 846 629 dorso
865 609 938 634 luteo,
965 609 1070 629 incisuris
1088 613 1119 629 te-

241 650 320 674 fluiter,
336 653 355 669 et
371 655 411 669 ano
426 647 502 671 nigris,
521 645 678 672 appendicibus
693 644 820 663 caudalibus
837 643 985 668 brevissimis,
1004 643 1119 669 squamula

242 688 368 710 aperturam
393 681 510 701 ventralem
537 685 603 705 prope
623 684 687 697 annm
711 681 797 702 tegente
816 681 888 697 erecta
912 677 971 696 lutea
997 674 1071 704 (utin
1087 677 1118 699 L,

240 714 371 746 vulgata),
390 715 431 735 alis
450 714 578 740 praesertim
597 712 690 738 posticis
709 711 758 731 basi
776 715 868 735 auguste
886 711 965 737 luteis;
989 710 1011 730 in
1029 711 1117 737 copula.

241 749 326 774 Lus-s.
345 747 393 771 Fn.
414 747 456 771 Sv.
476 744 550 769 1465.
587 743 676 767 FABR.
701 743 762 767 Ent.
787 743 856 773 Syst.
881 742 904 766 2.
930 742 987 767 373.
1006 742 1046 766 18.
1084 741 1118 766 Ut

207 783 334 807 Lmsam
353 780 410 804 Lib.
431 779 567 803 cancellum
585 776 699 807 genuina
717 783 820 809 quoque
838 776 866 800 in
883 783 974 800 museo
985 775 1117 800 Rarum

208 819 363 841 asservatur.
407 813 549 838 Fosscor.
577 811 603 835 in
622 811 714 835 Annal.
740 810 771 834 de
794 811 819 834 la
844 810 904 834 Soc.
929 809 991 834 Ent.
1016 809 1048 833 de
1072 809 1118 833 Fr.

207 850 280 875 1837.
301 849 324 872 2.
349 856 372 880 p.
394 847 451 871 135.
470 846 492 870 3.
519 846 566 878 (ζὲ.
593 853 626 869 an
650 843 748 875 liujus?
772 857 804 861 -
828 843 916 868 Etiam
940 843 988 867 sub
1012 843 1118 868 nomine

207 885 239 908 L.
259 882 352 907 caelebs
371 888 470 906 mecum
490 878 688 903 communicata.

240 917 307 941 Hab.
326 916 353 940 in
371 913 507 947 Lapponia
526 912 656 937 'l'ornensi
675 919 755 936 mens.
775 912 846 943 Sept.
865 918 935 943 pass,
971 910 1119 943 (Lappon.-

205 950 302 975 Botnia
319 948 431 973 borealis
450 951 475 972 et
493 946 618 971 occident.
637 959 668 964 —
686 944 924 971 Nericia-Scania-
935 947 958 976 J
975 944 1075 971 26..1ι11.
1086 957 1117 962 -—

205 986 222 1014 ῼ
240 991 321 1016 usqne
340 983 370 1007 ad
390 982 429 1006 13.
449 982 520 1013 Sept.
540 980 616 1009 visa.)

242 1018 299 1042 Οὓς,
320 1021 340 1040 1.
377 1018 425 1039 Non
444 1018 531 1044 quidem
550 1017 627 1039 ignoro
646 1016 720 1043 aliam,
739 1019 827 1034 nostrae
846 1014 917 1041 quoad
938 1014 1045 1040 picturam
1063 1014 1118 1034 band

239 1053 386 1076 dissimilem,
411 1052 448 1072 scd
467 1051 535 1070 multo
554 1051 659 1073 majorem
684 1053 706 1069 et
724 1048 841 1068 abdomine
858 1049 964 1074 depresso
983 1048 1069 1067 abunde
1088 1048 1119 1067 di-

240 1088 351 1111 stinctam,
370 1092 408 1112 pro
428 1085 458 1107 L.
476 1082 615 1105 cancellata
635 1083 735 1103 Lisxut
753 1082 778 1101 ab
793 1082 969 1106 Eutomologicis
987 1081 1117 1107 quibusdam

239 1121 328 1145 baberi,
352 1120 386 1139 cui
411 1120 476 1139 etiam
496 1123 633 1143 synonymon
653 1116 881 1136 Fonscolumbeanum
901 1115 1054 1143 referendum3
1079 1115 1118 1134 sed

239 1155 293 1175 baec
319 1153 412 1174 Sueeiae
435 1152 548 1172 rarissime
572 1151 644 1170 incula
669 1150 706 1170 vix
726 1150 825 1170 ΙΛΝΝΑΕΙ
848 1150 941 1174 genuina
963 1156 1014 1168 esse
1038 1152 1118 1175 potest,

239 1195 288 1208 cum
307 1188 385 1208 exinde
403 1190 544 1212 sequeretur,
567 1187 589 1205 ut
614 1188 688 1203 nostra
712 1190 776 1209 supra
796 1184 906 1209 descripta
925 1184 1011 1209 species
1030 1189 1069 1208 per
1086 1186 1119 1202 to-

239 1225 283 1242 tam
303 1221 404 1241 Sueciam
424 1227 436 1239 a
455 1219 569 1245 Lapponia
593 1225 662 1244 nsque
687 1218 713 1237 ad
737 1217 833 1237 intimam
853 1217 955 1236 scaniam
975 1217 1054 1242 ubique
1073 1216 1119 1235 vnl-

240 1256 298 1280 garis
317 1261 330 1274 a
347 1260 432 1274 summo
452 1253 505 1273 Yiru
525 1253 599 1277 ignota
618 1254 686 1276 esset,
705 1251 761 1277 quud
781 1254 852 1271 tamt-n
872 1257 946 1276 parum
965 1250 1069 1270 credibile
1088 1250 1119 1269 vi-

239 1289 310 1311 detur,

242 1321 296 1344 Obs.
316 1322 341 1344 2.
376 1319 431 1342 Lib.
451 1318 564 1349 depressa
582 1319 651 1342 Luna.
669 1318 762 1340 Rmrn,
777 1318 824 1340 lus.
837 1317 861 1339 6.
880 1317 911 1339 Τ.
923 1317 963 1339 35.
978 1316 994 1340 f.
1010 1318 1032 1339 l.
1051 1313 1118 1346 (Sca.

239 1357 276 1376 nia
288 1356 334 1375 Jul.
347 1355 402 1380 freq.
413 1365 445 1369 —
458 1355 537 1374 Suecia
551 1353 622 1373 inedia
635 1349 722 1380 pass),
740 1356 761 1371 et
774 1353 937 1380 conspurcutu
949 1351 1026 1373 Fann.
1039 1350 1118 1377 Suppl.

240 1388 381 1411 ΟΗΑΒΡΒᾺΤ.
401 1384 522 1418 (Sueciai)
543 1388 564 1407 iu
582 1387 697 1413 Lapponia
715 1392 728 1405 a
746 1391 781 1405 me
799 1391 842 1405 non
860 1386 962 1405 inventae
980 1385 1074 1406 fuerunt.

408 1520 452 1552 2.
494 1517 769 1551 Aeschna.
806 1515 916 1547 FABR.

223 1571 316 1597 [ιω-11.
335 1570 402 1596 Gen.
422 1570 474 1594 [ns.
491 1569 551 1595 406.
581 1568 753 1593 enimse.
773 1567 856 1592 Ross.
876 1567 1019 1592 Fonscor..

445 1603 536 1628 bellula
554 1603 641 1627 Lms.
661 1605 686 1627 et
704 1603 812 1627 Auctor.
830 1605 882 1626 vet.

1053 1567 1103 1592 Li-

239 1654 355 1680 Maxima
375 1654 458 1686 (long.
477 1661 548 1686 corp.
566 1653 688 1683 22—13,
708 1653 743 1676 al.
761 1660 821 1685 exp.
837 1650 955 1677 27-16
976 1650 1048 1681 lim).
1074 1651 1119 1675 In-

206 1692 351 1714 strumenta
369 1688 465 1713 cibaria
482 1687 536 1712 fere
554 1690 583 1711 nt
600 1687 627 1711 in
646 1686 786 1716 Libelluln,
812 1685 857 1710 sed
876 1685 937 1710 labii
957 1684 1037 1709 trifidi
1055 1684 1119 1710 laci-

205 1723 266 1748 niae
283 1723 464 1755 subaequales.
500 1721 587 1753 Caput
604 1719 846 1752 hemisphaericum,
864 1719 950 1743 fronte
965 1719 1118 1744 vesiculosa.

206 1756 283 1782 Oculi
301 1764 380 1789 snpra
397 1755 501 1788 saepius
520 1754 645 1785 contigui.
683 1753 765 1778 Ocelli
785 1754 801 1777 3
825 1753 851 1777 in
874 1753 943 1777 linea
962 1756 1117 1777 transversa.

205 1791 269 1816 Alae
287 1790 405 1821 hyalinae
423 1788 622 1814 horizontaliter
639 1791 771 1818 extensae,
789 1787 911 1817 stigmate
929 1787 1067 1818 elongato,
1085 1786 1119 1811 li-

206 1823 293 1855 neari,
311 1824 449 1854 distincto,
471 1826 497 1847 et
514 1822 541 1847 in
559 1822 606 1847 alis
626 1821 746 1846 omnibus
765 1821 857 1845 cellula
875 1828 956 1853 prope
974 1820 1049 1845 basin
1066 1821 1119 1845 late

207 1857 375 1889 triangulari,
402 1865 417 1881 a
440 1856 557 1887 margine
581 1855 699 1880 interiori
723 1855 805 1885 magis
829 1858 939 1879 remota.
976 1854 1119 1879 Celerrime

542 1890 676 1914 Abdomen
695 1888 863 1920 cylindricum
882 1887 1045 1919 longitudine
1063 1889 1118 1912 ala-

206 1933 274 1950 rum.
312 1926 385 1950 Color
403 1932 512 1954 aeneus,
536 1923 634 1948 fuscus.
671 1924 788 1954 Pictura,
813 1922 873 1946 dum
893 1922 980 1952 adest,
1005 1921 1117 1947 thoracis

207 1959 312 1990 lineata,
330 1958 475 1983 abdominis
494 1957 612 1988 fasciata,
631 1965 689 1981 cum
709 1956 761 1981 vita
778 1964 856 1989 saepe
875 1956 950 1988 perit.
986 1956 1119 1980 Habitum»

207 2000 253 2025 per
271 1996 370 2025 partem
388 1992 537 2023 sylvaticam
550 1991 702 2024 Lapponiae
720 1994 745 2014 et
758 1990 841 2014 rarius
854 1989 1035 2022 inferalpinam
1048 1990 1119 2015 Nor-

208 2026 307 2057 vegiae.
343 2026 491 2056 Differemia
508 2033 584 2050 sexus
606 2025 633 2049 in
658 2024 802 2049 abdominis
821 2027 953 2048 structura
982 2023 1119 2056 (quemad-

207 2060 314 2084 modum
331 2059 363 2083 ad
381 2059 497 2090 singulas
509 2059 609 2091 species
620 2058 788 2088 indicabitur)
809 2065 870 2082 mox
889 2057 1028 2088 detegitur.
1064 2057 1118 2089 Ap-

207 2093 329 2126 pendices
347 2093 467 2117 candales
486 2093 512 2117 in
531 2101 602 2117 mare
619 2092 750 2122 insignes;
769 2095 795 2116 et
812 2091 930 2122 margine
947 2091 1051 2115 interno
1064 2091 1119 2115 ala-

208 2135 266 2152 rum
283 2126 442 2160 posticarum
467 2134 534 2158 pone
553 2127 757 2150 membranulam
777 2125 963 2158 appendiceam
982 2132 1028 2157 pro
1048 2132 1120 2149 rece-

207 2161 299 2194 ptione
322 2159 467 2184 abdominis
492 2159 568 2192 primi
598 2163 623 2184 et
652 2159 758 2184 secundi
783 2159 911 2189 segmenti
940 2161 969 2183 ut
996 2158 1121 2189 genitalia

208 2194 376 2225 continentis,
395 2195 547 2226 plerumque
565 2193 657 2217 tumidi
675 2193 772 2223 exciso,
791 2193 898 2217 masculi
915 2201 929 2217 a
944 2192 1048 2217 seminis
1067 2195 1121 2217 sta-

208 2229 256 2254 tim
274 2228 472 2259 dignoscuntur.
508 2228 597 2259 (Spec.
617 2227 711 2251 Scand.
730 2227 776 2257 12,
800 2227 939 2251 abdomine
956 2234 1060 2259 semper
1077 2234 1121 2257 cy-

208 2262 327 2293 liudrico,
345 2261 406 2286 labii
425 2260 504 2285 trifidi
517 2260 617 2285 laciniis
631 2260 840 2291 suffiequalibus,
858 2260 1044 2292 appendicibus
1059 2267 1122 2284 cau-

209 2296 310 2321 dalibus
329 2295 356 2320 in
375 2299 396 2328 3
414 2294 569 2325 insignibus,
589 2296 616 2318 ut
628 2296 654 2318 et
664 2294 757 2318 cellula
771 2293 924 2324 triangulari
936 2294 962 2318 in
976 2293 1023 2318 alis
1037 2293 1122 2318 omni-

210 2330 259 2354 bus
280 2332 340 2359 (nec
357 2331 457 2354 tantum
476 2329 503 2352 in
521 2327 628 2358 anticis)
647 2327 755 2352 dilatata
774 2327 835 2357 (nec
847 2328 978 2358 elongata,
997 2328 1119 2358 angusta)

210 2367 289 2396 atque
308 2371 323 2387 a
341 2363 457 2393 margine
475 2361 593 2387 interiori
612 2361 694 2392 magis
714 2365 823 2390 remota,
842 2368 856 2384 a
876 2361 1014 2392 Libellnla3
1035 2364 1061 2385 et
1079 2368 1123 2385 ca-

206 1892 298 1916 volitat
315 1891 361 1916 alis
380 1890 506 1916 immotis-

211 2397 265 2430 pite
283 2397 457 2427 semigloboso
479 2396 539 2426 (nec
557 2394 733 2425 transverso),
761 2394 842 2419 oculis
861 2394 964 2431 saepius
983 2394 1010 2418 in
1028 2395 1124 2431 yertice
1152 2419 1154 2422 ,

212 2431 424 2462 conniventibus,
448 2430 494 2454 alis
512 2429 539 2453 in
557 2428 645 2461 quiete
664 2428 758 2461 patulis
779 2428 839 2459 (nec
857 2428 979 2458 erectis),
1002 2430 1123 2458 stigmate
1152 2430 1154 2452 ξ

213 2464 335 2489 distincto
350 2468 409 2495 etc.,
428 2463 460 2488 ab
478 2464 555 2495 Ayrio
574 2462 719 2494 dignotae.)

215 2532 228 2545 ⁸
253 2533 316 2554 Oculi
333 2534 355 2554 in
373 2534 456 2553 vertice
474 2534 592 2555 distantes.
627 2532 719 2552 Alarum
738 2530 887 2552 membranula
905 2530 1039 2557 appendicea
1056 2529 1124 2552 nulla.

214 2583 242 2606 1.
277 2583 331 2605 Ae.
350 2582 487 2605 hamata:
512 2580 603 2611 nigra,
625 2579 737 2604 thoracis
756 2579 830 2604 lineis
848 2578 908 2603 latis
926 2577 1124 2609 abdominisqne

215 2614 323 2639 maculis
342 2614 495 2645 dorsalibus,
514 2614 602 2646 flavis;
627 2614 674 2638 alis
693 2613 812 2643 hyalinis,
832 2613 953 2643 stigmate
971 2611 1056 2642 nigro.
1075 2612 1123 2644 32.

215 2648 317 2680 (Long.
335 2655 406 2679 corp.
425 2648 545 2678 13-14,
564 2649 597 2673 al.
615 2655 674 2680 exp.
694 2647 804 2673 17-13
822 2647 882 2676 lin.)
930 2678 933 2682 ι

249 2683 327 2705 Mus:
352 2683 468 2703 abdomine
486 2685 558 2704 medio
577 2685 718 2710 tenuissimo,
737 2683 785 2703 basi
800 2683 904 2709 apiceque
915 2686 999 2702 tantum
1011 2681 1126 2703 crassiori.

251 2717 407 2743 appendicibus
425 2718 550 2737 caudalibus
569 2718 676 2742 unguibus
695 2717 764 2737 tribus
783 2718 868 2741 maguis
886 2716 996 2743 incurvis3

250 2750 336 2772 Fem..·
360 2750 477 2769 abdomine
495 2751 622 2775 cylindrico.

252 2781 425 2806 CHARPENT.
445 2781 510 2805 Hor.
531 2781 589 2805 Ent.
610 2791 635 2814 p.
654 2781 696 2807 25.
731 2781 789 2807 Lib.
807 2781 932 2812 sor-cipum
951 2780 1036 2804 Lmn.
1056 2780 1126 2810 Syst.

218 2816 280 2841 Nat.
298 2816 323 2840 2.
341 2815 400 2840 903.
419 2815 459 2838 ll.
488 2815 552 2844 (non
571 2815 654 2840 Faun.
674 2815 775 2842 Suecd.
816 2815 887 2839 Dm.
911 2815 964 2838 Ins.
982 2814 1006 2838 2.
1032 2813 1066 2838 Τ.
1084 2813 1126 2837 21.

217 2849 238 2874 f.
256 2849 280 2873 l.
299 2852 330 2881 g.
366 2849 452 2873 Roas.
470 2848 495 2872 2.
515 2848 549 2873 T.
567 2848 592 2872 5.
611 2848 628 2873 s.
643 2848 667 2873 4.
687 2850 712 2875 Q.
744 2849 834 2873 FABR.
854 2848 915 2872 Eut.
935 2849 1004 2878 Syst.
1023 2847 1048 2872 2.
1067 2847 1127 2871 383.

218 2883 244 2907 2.
270 2883 400 2913 (ΚΕΛυΜ.
419 2882 472 2906 Ins.
489 2880 515 2906 4.
535 2884 554 2906 t.
572 2881 614 2905 10.
633 2881 652 2905 f.
670 2882 696 2907 4.
720 2883 771 2907 Ins.
792 2883 817 2907 6.
837 2885 855 2907 t.
874 2881 916 2906 35.
934 2881 954 2907 f.
972 2881 997 2906 5.
1016 2880 1060 2905 vix
1077 2879 1127 2905 hnc

218 2916 373 2948 pertinent.)

252 2950 321 2975 Hab.
338 2950 367 2974 in
385 2950 504 2981 Lappon.
527 2947 633 2972 secund.
652 2948 796 2972 collection.
815 2949 942 2973 boreales.

979 2947 1127 2980 (Lappon.-

219 2983 327 3015 Ostrog.
346 2983 466 3008 10—25.
485 2982 538 3008 Jul.
554 2981 621 3014 freq.
639 2984 670 3013 g*-
688 2993 721 2998 —
739 2982 816 3007 Scan.
834 2982 917 3014 pass.)

1208 186 1265 211 0115.
1299 188 1350 211 Ae.
1368 186 1503 217 foi-cipum
1526 189 1594 211 era'.
1610 188 1653 211 Fu.
1671 190 1711 213 Sv.
1731 191 1805 213 1469.
1834 191 1908 214 Panz,
1926 191 1970 214 Fu.
1987 192 2028 214 88.
2049 192 2080 215 Τ.

1206 222 1245 243 21.
1270 222 1387 244 Foascoa.
1406 226 1427 242 et
1442 222 1583 244 Cinneam.
1604 220 1694 251 (nigra,
1716 225 1813 245 thoracis
1832 225 1896 245 lineis
1915 225 1964 245 latis
1982 225 2081 246 abdomi-

1206 256 1283 282 nisque
1300 256 1414 282 cylindrici
1438 256 1495 275 linea
1518 256 1601 276 dorsali
1623 257 1683 277 tenui
1706 258 1727 277 iu
1746 259 1867 283 segmentis
1887 259 1900 280 3
1919 259 2019 279 aualibus
2037 265 2081 279 nou

1204 290 1340 314 continuata,
1357 290 1437 314 flavis,
1460 293 1481 309 et
1499 289 1658 316 appendicibus
1677 291 1803 312 caudalibus
1821 292 1888 312 maris
1905 292 1920 314 4
1938 293 2028 318 parvis,
2045 299 2081 313 su-

1205 323 1329 349 perioribus
1347 324 1428 348 rectis,
1453 323 1516 348 apice
1534 324 1684 351 mucronatis3
1709 324 1731 344 iu
1749 325 1829 345 Suecia
1846 326 1944 346 inferiori
1968 333 2029 353 pass.
2047 332 2082 346 ra-

1204 354 1275 385 rius),
1292 360 1313 376 et
1329 354 1507 385 vulgatissima
1525 357 1592 379 LINN.
1611 357 1647 386 (in
1665 357 1745 378 Suecla
1762 358 1818 385 freq.
1836 359 1857 379 iu
1876 360 1992 387 Lappouia
2009 361 2081 380 bacte-

1204 396 1245 410 nus
1263 396 1306 410 uun
1324 391 1395 416 visae,
1412 394 1516 417 quantum
1534 391 1595 413 novi.

1172 472 1198 484 ⁰⁰
1232 472 1296 494 Oculi
1318 473 1341 494 iu
1364 474 1448 495 vertice
1471 474 1623 496 cohaerentes.
1659 474 1750 495 Alaruin
1774 475 1923 496 membranula
1947 477 2081 504 nppendicea

1589 508 1661 530 adest.

1171 556 1202 579 2.
1237 557 1292 579 Ae.
1311 557 1465 580 borealis:
1490 554 1712 587 fusco-brunnea,
1734 555 1810 581 lineis
1829 556 1941 589 pectoris
1960 557 2082 590 utrinque

1171 588 1270 612 duabus
1289 588 1487 621 abdominisque
1504 589 1612 613 maculis
1631 589 1795 621 lateralibus,
1819 591 1886 614 laete
1903 591 2083 616 caerulescen-

1171 622 1254 653 tibus;
1273 622 1320 646 alis
1340 622 1586 654 cinereo-hyalinis,
1604 623 1726 654 stigmate
1744 627 1770 648 et
1788 624 1965 649 membranula
1982 633 2082 657 appen-

1170 656 1243 680 dicea
1265 656 1463 687 nigricantibus.
1491 658 1530 688 39
1554 656 1646 681 insect.
1670 657 1723 682 viv.
1766 657 1869 688 «Longu
1892 665 1965 691 corp.
1983 659 2082 691 absque

1170 690 1282 723 append.
1301 690 1402 715 candal.
1422 690 1541 721 16-17,
1560 692 1593 716 al.
1612 699 1673 723 exp.
1692 690 1816 715 23—24.
1836 691 1895 721 lin.)

1204 725 1280 747 Illas.-
1305 726 1422 746 abdomine
1440 733 1491 746 mox
1510 727 1567 746 infra
1586 727 1648 747 basin
1668 727 1740 747 subito
1760 731 1781 747 et
1800 728 1909 752 breviter,
1927 731 1949 748 at
1967 729 2029 748 valde
2047 735 2082 748 co-

1204 762 1295 784 arctato,
1314 760 1471 786 appendicibus
1490 761 1617 781 candalibus
1636 760 1650 782 3
1669 761 1785 785 brunneis,
1804 767 1893 787 quarum
1911 762 1966 781 duae
1984 763 2082 788 superio-

1204 800 1239 813 res
1258 793 1383 814 abdominis
1402 794 1478 814 ultimo
1497 798 1610 819 segmento
1629 794 1695 820 duplo
1713 798 1735 814 et
1747 795 1803 815 ultra
1815 795 1936 820 longiores,
1953 795 2083 816 sublauceo-

1203 827 1275 852 latae,
1293 827 1341 848 basi
1359 830 1497 852 attenuatae,
1515 828 1578 854 apice
1596 828 1702 853 obtusae,
1720 829 1779 848 intus
1797 822 1898 856 ciliatae3
1922 829 2032 855 appendix'
2050 830 2083 850 iu-

1203 860 1280 885 serior,
1297 861 1433 886 longitudine
1449 861 1540 881 dimidia
1559 863 1703 888 superiorum,
1721 862 1870 887 triangularis,
1888 867 2002 883 excavata.

1203 894 1288 916 Fenn:
1313 895 1430 914 abdomine
1453 901 1504 914 mox
1529 896 1585 915 intra
1602 895 1666 915 basin
1685 895 1759 915 subito
1785 900 1806 915 et
1825 895 1933 921 breviter,
1958 900 1979 916 at
1997 897 2083 917 modice

1204 932 1328 953 coarctato,
1351 929 1510 955 appendicibus
1528 929 1656 949 caudalibus
1674 929 1703 954 2,
1727 930 1816 949 omniuo
1834 930 1945 950 similibus
1963 930 2082 957 superiori·

1204 962 1244 981 bus
1263 962 1284 982 in
1303 968 1371 986 mare,
1389 966 1411 982 at
1430 962 1485 982 forte
1504 962 1576 988 paullo
1596 963 1744 985 brevioribus.

1204 993 1253 1018 Vix
1272 993 1397 1017 Libellula
1409 993 1501 1026 juncea
1519 993 1605 1018 Lm«.
1626 994 1676 1019 Fn.
1694 995 1738 1019 Sv.
1759 993 1834 1019 1468.
1854 993 1930 1019 vars?

1204 1027 1271 1051 Hab.
1291 1027 1316 1051 in
1331 1026 1466 1060 Lapponia
1479 1027 1587 1051 Umensi
1604 1027 1728 1059 vulgaris,
1746 1027 1772 1052 in
1785 1028 1857 1052 silvis
1871 1028 1903 1053 ad
1916 1028 2083 1060 Ratis-avan,

1171 1060 1296 1091 Lycksele
1320 1064 1368 1085 etc.
1394 1061 1513 1085 16-28.
1531 1060 1592 1086 Jun.
1617 1061 1767 1093 frequenter
1790 1061 1860 1093 visa,
1890 1062 2042 1094 praesertim
2066 1064 2083 1091 S?

1170 1094 1292 1125 vulgaris.
1314 1094 1465 1127 (Lapponia
1478 1094 1665 1125 meridionalis,
1677 1094 1772 1119 Suecia
1784 1095 1901 1126 inferior,
1914 1104 1980 1122 mus.
1991 1096 2082 1122 ΕΔΗ..

1171 1128 1214 1152 ubi
1232 1131 1253 1159 (ἲ
1272 1136 1330 1152 cum
1349 1127 1396 1152 bac
1414 1128 1598 1153 annotatione:
1623 1128 1781 1160 „abdomine
1798 1129 1901 1162 punctis
1919 1132 1945 1154 et
1962 1129 2083 1161 signatu-

1171 1161 1205 1186 ris
1224 1161 1317 1192 albis‚“
1337 1162 1507 1192 asservatur.)

1204 1197 1254 1220 Ae.
1273 1196 1367 1219 rustica
1390 1198 1468 1220 narn.
1493 1198 1528 1227 (in
1547 1195 1627 1227 litter.)
1654 1205 1693 1218 scu
1717 1198 1773 1218 forte
1796 1196 1852 1221 Lib.
1864 1196 1961 1228 juncea
1983 1199 2084 1220 Lus-sam

1204 1233 1297 1256 genuina
1316 1232 1413 1251 nonnihil
1433 1232 1511 1251 minor.
1548 1231 1610 1252 Oculi
1629 1232 1650 1251 iu
1669 1232 1721 1252 viva
1738 1232 1809 1256 glauci
1827 1232 1970 1257 immaculati,
1988 1233 2010 1252 in
2025 1239 2082 1253 mor-

1204 1270 1240 1285 tua
1260 1266 1359 1286 hruunci.
1396 1265 1452 1285 Viva
1472 1270 1518 1285 tota
1537 1266 1714 1289 fusco-brunnen,
1732 1266 1821 1285 tliorace
1839 1266 1903 1286 lineis
1921 1266 2049 1286 lateralibus
2066 1267 2081 1288 2

1204 1300 1304 1323 angustis
1318 1299 1396 1326 pallide
1410 1299 1619 1319 caerulesceutibus.
1655 1299 1772 1320 Abdomeu
1787 1299 1885 1324 glabrum
1899 1299 2001 1325 nitidum,
2018 1302 2083 1320 brun-

1204 1339 1245 1352 11εο
1264 1336 1285 1352 et
1303 1333 1383 1359 pallide
1400 1333 1501 1352 caeruleo
1520 1333 1608 1359 pulchre
1627 1333 1772 1357 variegatum,
1809 1333 1878 1353 Pedes
1898 1333 1994 1356 obscuri.
2027 1334 2084 1354 Alae

1204 1366 1402 1392 cinereo-byaliuae
1420 1366 1587 1391 immaculatae,
1613 1367 1716 1391 stigmate
1733 1367 1796 1391 nigro
1814 1370 1851 1387 aut
1869 1367 1940 1389 fusco,
1975 1367 2084 1388 Membra-

1204 1400 1254 1419 nula
1273 1400 1407 1426 appeudicea
1425 1400 1636 1425 cinereo-nigricans
1654 1400 1669 1422 1.
1689 1400 1770 1423 nubila.
1806 1400 1890 1420 Cellula
1912 1401 1939 1420 ad
1958 1401 2020 1421 basin
2040 1401 2084 1421 ala-

1203 1440 1250 1454 rum
1268 1434 1473 1458 lato-triangularis.
1508 1433 1533 1453 Iu
1551 1438 1636 1454 mortua
1653 1434 1731 1454 thorax
1749 1434 1858 1454 brunneus
1876 1434 1891 1456 Ι.
1910 1433 2002 1459 fuscus,
2018 1435 2084 1455 lineis

1203 1467 1354 1494 pectoralibus
1373 1467 1579 1493 glauceuceutibus,
1603 1471 1625 1488 et
1642 1467 1750 1488 abdomen
1769 1468 1963 1493 rufo-brunueum,
1986 1469 2084 1493 signatu-

1203 1502 1234 1521 ris
1254 1501 1321 1521 variis
1340 1501 1516 1523 obscurioribus.

1170 1551 1200 1573 3.
1235 1551 1290 1574 Ae.
1309 1550 1452 1581 grandis:
1476 1549 1749 1580 brunnen-lntescens,
1768 1548 1875 1574 thorace
1892 1557 1972 1582 supra
1989 1549 2084 1574 imma-

1170 1583 1266 1614 culato,
1285 1583 1409 1608 lateribus
1428 1582 1503 1607 lineis
1522 1582 1622 1607 duabus
1640 1582 1729 1615 flavis,
1749 1591 1828 1615 supra
1846 1583 1879 1608 ad
1897 1583 2010 1608 radicem
2028 1584 2085 1608 ala-

1170 1623 1228 1640 rum
1247 1620 1343 1649 puncto
1358 1616 1491 1641 renisormi
1504 1616 1665 1648 maculisque
1677 1616 1823 1641 abdominis
1835 1617 2084 1650 caerulescentibus3

1170 1650 1218 1674 alis
1236 1650 1450 1681 flavescentibus,
1474 1650 1597 1681 stigmate
1614 1650 1704 1681 fusco,
1730 1651 1909 1676 membranula
1925 1651 2085 1684 appendicea

1170 1683 1269 1709 nubila.
1287 1685 1335 1716 (3¹2.
1371 1684 1471 1715 (Long.
1490 1692 1560 1716 corp.
1579 1684 1621 1715 20,
1640 1685 1672 1709 al.
1691 1692 1750 1716 exp.
1768 1684 1801 1708 26
1820 1684 1880 1715 lin.)

1204 1720 1265 1741 Mas
1282 1721 1308 1742 et
1319 1719 1425 1748 semina
1443 1724 1466 1740 ut
1484 1720 1507 1740 iu
1524 1720 1575 1742 Ae.
1593 1718 1689 1741 boreali
1705 1720 1875 1750 dignoscuntur3
1894 1724 1917 1741 at
1934 1720 2042 1741 abdomen
2058 1720 2082 1741 in

1204 1754 1285 1774 femina
1302 1754 1351 1776 Ae.
1367 1752 1478 1783 grandis
1496 1754 1544 1773 basi
1564 1760 1606 1773 uon
1625 1758 1759 1774 coarctatum
1778 1758 1820 1776 est,

1204 1785 1316 1811 Cimnr.
1343 1785 1407 1809 Hor.
1427 1785 1487 1810 Ent.
1515 1793 1540 1817 p.
1559 1785 1601 1810 32.
1620 1786 1667 1816 39.
1702 1785 1828 1809 Libellum
1851 1784 1940 1810 [ΛΚΝ.
1964 1785 2015 1810 Fu.
2038 1785 2084 1811 Sv.

1170 1818 1245 1844 1457.
1281 1819 1398 1844 Remu.
1416 1819 1469 1844 Ins.
1487 1818 1512 1844 6.
1531 1821 1549 1843 t.
1568 1818 1609 1843 35.
1627 1818 1644 1842 f.
1663 1818 1687 1843 3.
1712 1817 1748 1846 fi?
1783 1819 1870 1844 Roas.
1888 1819 1940 1843 Ins.
1958 1819 1984 1844 2.
2004 1819 2039 1844 T.
2056 1818 2083 1845 4.

1170 1852 1190 1877 s.
1210 1853 1251 1878 13.
1270 1852 1311 1877 14.
1346 1853 1419 1877 Dae.
1438 1853 1489 1876 lns.
1508 1852 1532 1876 2.
1552 1852 1586 1879 T.
1605 1852 1648 1877 20.
1672 1851 1690 1876 f.
1709 1852 1734 1877 5.
1753 1854 1783 1883 c?-
1821 1851 1912 1877 Fssn.
1930 1852 1993 1878 Ent.
2011 1853 2083 1884 Syst.

1169 1887 1194 1910 2.
1215 1885 1273 1912 334.
1293 1887 1318 1911 2.
1355 1886 1436 1910 Ross.
1456 1886 1506 1911 Fn.
1526 1886 1583 1910 Etr.
1602 1894 1628 1918 p.
1647 1885 1706 1911 194.
1725 1885 1785 1912 947.

1204 1920 1272 1944 Hab.
1297 1920 1324 1944 in
1343 1919 1480 1952 Lapponia
1498 1918 1606 1944 Umensi
1630 1919 1730 1951 rarius,
1757 1919 1790 1943 ad
1807 1918 1972 1944 Wilhelmina
1995 1919 2021 1946 d.
2039 1920 2082 1945 22.

1148 1969 1150 1981 2
1169 1954 1220 1978 Jul.
1239 1961 1254 1978 a
1272 1954 1305 1978 D.
1324 1954 1472 1978 DAHLBOM
1490 1956 1575 1985 capta.
1617 1952 1720 1977 Cellula
1743 1953 1776 1977 ad
1800 1953 1875 1978 basin
1897 1954 1997 1978 alarum
2014 1954 2084 1979 lato-

1170 1987 1347 2018 triangularis.
1382 1987 1491 2012 Colores
1510 1986 1635 2017 variegati
1660 1994 1719 2011 cum
1742 1986 1795 2011 vita
1813 1990 1924 2020 pereunt
1947 1990 1973 2012 et
1990 1995 2085 2021 corpus

1171 2025 1255 2046 totum
1279 2021 1305 2045 in
1331 2024 1434 2046 mortua
1453 2021 1599 2045 brunneum
1617 2020 1712 2046 evadit.
1748 2020 1883 2053 (Lappon.
1903 2021 2085 2047 meridion.—

1149 2083 1150 2087 ,
1173 2054 1325 2086 Ostrogoth.
1345 2054 1441 2080 Scania
1458 2054 1509 2079 Jul.
1528 2055 1596 2085 Aug.
1615 2054 1695 2086 freq.)

1172 2108 1201 2130 4.
1238 2109 1292 2131 Ae.
1311 2107 1486 2130 metallica:
1516 2108 1571 2130 tota
1589 2104 1786 2135 viridi-aenea,
1810 2100 1903 2129 frontis
1921 2104 1999 2129 limbo
2017 2104 2085 2129 infe-

1173 2139 1249 2170 riori,
1273 2139 1418 2164 abdominis
1437 2138 1564 2170 segmenti
1581 2138 1688 2162 secundi
1707 2139 1808 2162 macula
1825 2138 1926 2163 laterali
1943 2141 2085 2171 ventreque

1174 2173 1228 2198 basi
1247 2173 1338 2204 luteis3
1364 2174 1462 2197 alarum
1487 2172 1666 2197 membranula
1691 2171 1851 2204 appendicea
1874 2172 1978 2196 sordide
2000 2172 2085 2197 albida

1174 2208 1189 2232 l.
1210 2207 1307 2232 nubila.
1326 2208 1374 2239 39.
1412 2206 1511 2237 (Long.
1530 2214 1603 2238 corp.
1623 2206 1664 2237 14,
1683 2206 1715 2230 al.
1735 2214 1792 2238 exp.
1811 2205 1853 2230 20.
1872 2205 1933 2236 1111.)

1209 2243 1285 2264 Mas:
1311 2243 1351 2262 ulis
1371 2243 1465 2268 hyalinis
1484 2242 1638 2266 immaculatis,
1657 2242 1754 2266 margine
1772 2241 1869 2261 interiori
1886 2241 1934 2261 basi
1948 2242 2005 2261 infra
2018 2248 2085 2262 mem-

1208 2277 1319 2297 branulam
1338 2282 1376 2302 pro
1395 2276 1521 2302 receptione
1540 2275 1665 2295 abdominis
1679 2276 1742 2301 primi
1756 2275 1862 2299 segmenti
1878 2275 1983 2295 distincte
1995 2277 2085 2305 exciso3

1208 2312 1324 2331 abdomine
1343 2310 1488 2334 subiucurvo,
1513 2316 1564 2329 mox
1582 2309 1639 2329 iufra
1657 2310 1720 2328 basin
1738 2308 1812 2328 subito
1832 2312 1957 2337 coarctats13
1983 2311 2086 2336 appendi.

1605 2342 1756 2368 superioribus
1780 2341 1857 2361 ultimo
1881 2347 1995 2367 segmento
2019 2343 2085 2370 duplo

1209 2378 1352 2402 longioribus,
1372 2378 1506 2403 cylindricis,
1525 2377 1614 2403 pilosis,
1634 2376 1682 2395 basi
1700 2375 1766 2394 latere
1784 2380 1874 2395 externo
1893 2376 2002 2397 denticulo
2021 2381 2085 2397 acuto

1208 2412 1322 2431 instructis
1342 2415 1362 2430 et
1380 2411 1480 2436 apicibus
1504 2411 1594 2430 summis
1617 2409 1725 2428 subulatis
1743 2409 1847 2437 reflexis;
1871 2411 2035 2437 appendiceque
2053 2411 2086 2430 iu.

1209 2446 1284 2465 teriori
1302 2445 1365 2464 unica
1383 2444 1534 2470 superioribus
1553 2443 1598 2463 fere
1616 2442 1708 2462 dimidio
1727 2442 1831 2467 breviori,
1849 2444 1985 2471 triangulari,
2005 2445 2026 2464 in
2042 2451 2085 2464 me-

1209 2479 1246 2498 dio
1263 2484 1375 2504 cnucara;
1394 2478 1484 2497 omniuo
1503 2481 1525 2497 ut
1543 2477 1582 2497 hae
1600 2476 1732 2502 appendices
1751 2476 1777 2495 ab
1794 2476 1828 2495 111.
1844 2476 2018 2498 Camenarum
2035 2478 2051 2500 1.
2064 2485 2085 2500 c.

1209 2512 1351 2531 exactissime
1368 2512 1534 2538 describuntur;

1209 2544 1295 2566 ch..·
1321 2545 1362 2564 alis
1387 2545 1518 2570 saepissime
1543 2543 1713 2563 flavescentibus
1737 2544 1834 2567 margine
1851 2544 1930 2564 costali
1948 2545 2085 2570 saturMiori,

1209 2578 1306 2602 margine
1324 2578 1422 2597 interiori
1443 2578 1489 2597 basi
1509 2583 1551 2596 non
1570 2577 1659 2604 exciso3
1679 2577 1795 2596 abdomine
1814 2576 1859 2597 fere
1877 2578 1998 2604 aequaliter
2009 2585 2084 2598 crasso

1212 2610 1265 2640 (uec
1282 2611 1338 2630 inira
1357 2611 1419 2631 basin
1439 2611 1513 2630 subito
1532 2608 1664 2634 coarctato),
1683 2615 1758 2637 rcc103
1782 2611 1940 2637 appendicibus
1958 2612 2084 2632 caudalibus

1209 2646 1234 2670 2,
1252 2644 1421 2664 sublancenlatis
1439 2645 1505 2664 rectis
1523 2644 1602 2670 pilosis
1621 2644 1703 2668 nigris,
1727 2644 1788 2670 apice
1807 2645 1892 2669 acutis,
1917 2650 2030 2669 segmento
2048 2645 2084 2664 ab·

1210 2678 1306 2699 dominis
1324 2678 1401 2697 ultimo
1420 2678 1484 2703 duplo
1505 2678 1656 2702 longioribus,
1680 2681 1702 2697 et
1726 2678 1838 2703 squamula
1860 2682 1982 2705 aperturam
2000 2680 2084 2699 ventra-

1211 2713 1252 2732 lem
1271 2718 1339 2739 prope
1358 2718 1421 2731 auum
1439 2715 1526 2735 tegente
1544 2716 1615 2731 erecta
1633 2710 1675 2740 (au
1693 2711 1714 2731 vi
1723 2710 1759 2741 Ξ),
1783 2715 1846 2732 acuta
1865 2712 1935 2737 nigra.

1212 2743 1323 2768 cflAnp.
1342 2743 1406 2767 Hor.
1426 2743 1486 2766 Ent.
1505 2751 1530 2775 p.
1548 2742 1590 2767 39.

1211 2778 1279 2802 Hab.
1298 2777 1324 2801 in
1344 2776 1478 2808 Lapponia
1497 2776 1594 2805 rarius3
1618 2776 1645 2800 in
1669 2775 1734 2800 silva
1752 2776 1784 2801 ad
1801 2776 1960 2808 Jnckasjervi
1978 2776 2085 2809 Lappo-

1178 2810 1236 2835 niae
1255 2810 1409 2841 Tmnensis,
1427 2809 1548 2834 20—24.
1565 2810 1626 2834 Jun.
1644 2809 1759 2836 inventa.
1795 2810 2038 2843 (Lappon.-Scania
2052 2811 2083 2835 ad

1178 2845 1265 2870 Abusa
1283 2852 1363 2877 prope
1382 2844 1457 2868 Lund
1473 2843 1527 2874 jam
1546 2844 1586 2869 16.
1605 2843 1669 2874 Maj.
1688 2844 1715 2868 in
1733 2851 1790 2876 cop.
1809 2847 1876 2876 capt.
1894 2843 1960 2875 rar.)

1211 2880 1273 2903 Mus
1290 2883 1311 2900 et
1329 2880 1397 2902 Fem.
1416 2881 1502 2900 Similis
1520 2880 1570 2902 Ae.
1587 2886 1679 2900 aeneae
1696 2880 1761 2902 [ΛΚΝ.
1780 2880 1855 2902 Fano.
1875 2880 1957 2904 Pam..
1977 2880 2014 2900 illa
2032 2887 2084 2901 vero

1211 2921 1224 2934 a
1242 2918 1316 2935 nostra
1334 2915 1479 2939 dignoscitur:
1505 2913 1577 2934 fronte
1595 2917 1642 2934 tota
1660 2920 1735 2939 aenea,
1753 2913 1877 2933 abdominis
1895 2914 1986 2934 maculis
2005 2915 2085 2934 basali-

1211 2949 1252 2968 bus
1270 2948 1336 2968 luteis
1355 2948 1431 2973 nullis,
1461 2948 1503 2967 alis
1528 2949 1550 2967 iu
1574 2951 1666 2973 utroque
1690 2954 1744 2967 sexu
1763 2947 1811 2966 basi
1828 2946 1999 2968 flavescentibus
2023 2951 2045 2968 et
2062 2949 2084 2968 iu

1211 2982 1293 3003 femina
1310 2982 1363 3002 totis
1383 2983 1507 3008 plerumque
1531 2982 1639 3001 flavediuo
1662 2980 1782 3006 aequaliter
1797 2980 1886 3005 tinctis,
1911 2985 1935 3002 ut
1953 2985 1973 3002 et
1991 2982 2086 3009 praepri-

1209 2345 1251 2366 cib.
1271 2344 1398 2363 raudalibus
1418 2344 1446 2367 3,
1473 2345 1546 2363 barum
1566 2344 1580 2364 2
